timestamp,exchange,price,size,conditions,id,tape,symbol
2022-05-11 11:32:01.355039+00:00,D,22.89,1,"['C', 'T', 'I']",1,C,CCD
2022-05-11 13:30:01.793691604+00:00,Q,22.86,1142,"['@', 'O', 'X']",1,C,CCD
2022-05-11 13:30:01.793709133+00:00,Q,22.86,1142,"['@', 'Q']",2,C,CCD
2022-05-11 13:31:20.254158+00:00,D,22.6961,600,['@'],2,C,CCD
2022-05-11 13:31:20.255966+00:00,K,22.77,15,"['@', 'I']",1,C,CCD
2022-05-11 13:31:20.256127185+00:00,Q,22.77,33,"['@', 'I']",3,C,CCD
2022-05-11 13:31:20.256149399+00:00,Q,22.77,185,['@'],4,C,CCD
2022-05-11 13:31:22.135925403+00:00,U,22.86,200,"['@', 'F']",1,C,CCD
2022-05-11 13:31:25.063724123+00:00,Q,22.87,16,"['@', 'F', 'I']",5,C,CCD
2022-05-11 13:31:25.064665368+00:00,Q,22.87,100,['@'],6,C,CCD
2022-05-11 13:31:25.065200790+00:00,V,22.825,100,['@'],1,C,CCD
2022-05-11 13:31:28.155068306+00:00,U,22.85,200,"['@', 'F']",2,C,CCD
2022-05-11 13:31:31.707565+00:00,Z,22.85,16,"['@', 'F', 'I']",1,C,CCD
2022-05-11 13:31:31.717390+00:00,Z,22.84,184,"['@', 'F']",2,C,CCD
2022-05-11 13:31:33.539783024+00:00,D,22.9377,5,"['@', 'I']",3,C,CCD
2022-05-11 13:31:34.541186048+00:00,P,22.85,200,"['@', 'F']",1,C,CCD
2022-05-11 13:31:34.541186048+00:00,P,22.85,200,"['@', 'Q']",2,C,CCD
2022-05-11 13:31:37.733408990+00:00,Q,22.85,32,"['@', 'F', 'I']",7,C,CCD
2022-05-11 13:31:37.733603395+00:00,Q,22.85,168,"['@', 'F']",8,C,CCD
2022-05-11 13:31:40.644199+00:00,Z,22.84,200,"['@', 'F']",3,C,CCD
2022-05-11 13:31:42.350623+00:00,D,22.77,1,"['@', 'I']",4,C,CCD
2022-05-11 13:31:43.460086+00:00,Z,22.85,200,"['@', 'F']",4,C,CCD
2022-05-11 13:31:46.468869+00:00,Z,22.84,48,"['@', 'F', 'I']",5,C,CCD
2022-05-11 13:31:46.469063+00:00,Z,22.84,48,"['@', 'F', 'I']",6,C,CCD
2022-05-11 13:31:46.663826688+00:00,P,22.82,16,"['@', 'F', 'I']",3,C,CCD
2022-05-11 13:31:50.002610768+00:00,U,22.79,48,"['@', 'F', 'I']",3,C,CCD
2022-05-11 13:31:50.035376444+00:00,U,22.78,48,"['@', 'F', 'I']",4,C,CCD
2022-05-11 13:31:50.036985267+00:00,U,22.78,10,"['@', 'I']",5,C,CCD
2022-05-11 13:31:53.824395+00:00,Z,22.77,100,"['@', 'F']",7,C,CCD
2022-05-11 13:31:53.824480+00:00,Z,22.77,100,['@'],8,C,CCD
2022-05-11 13:31:58.451851+00:00,K,22.75,5,"['@', 'F', 'I']",2,C,CCD
2022-05-11 13:31:58.451851+00:00,K,22.75,10,"['@', 'F', 'I']",3,C,CCD
2022-05-11 13:31:58.451851+00:00,K,22.75,1,"['@', 'F', 'I']",4,C,CCD
2022-05-11 13:31:58.451851890+00:00,Q,22.75,32,"['@', 'F', 'I']",9,C,CCD
2022-05-11 13:31:58.794053888+00:00,P,22.71,152,"['@', 'F']",4,C,CCD
2022-05-11 13:32:01.987284296+00:00,D,22.87,10,"['@', 'I']",5,C,CCD
2022-05-11 13:32:03.710865+00:00,Z,22.71,200,"['@', 'F']",9,C,CCD
2022-05-11 13:33:22.143390+00:00,Z,22.69,28,"['@', 'I']",10,C,CCD
2022-05-11 13:33:29.859000+00:00,D,22.6195,190,['@'],6,C,CCD
2022-05-11 13:33:33.996139836+00:00,V,22.855,100,['@'],2,C,CCD
2022-05-11 13:33:45.029837+00:00,K,22.65,15,"['@', 'F', 'I']",5,C,CCD
2022-05-11 13:33:47.603181460+00:00,D,22.87,100,['@'],7,C,CCD
2022-05-11 13:33:49.184435292+00:00,Q,22.71,100,"['@', 'F']",10,C,CCD
2022-05-11 13:33:49.184679168+00:00,P,22.69,2,"['@', 'F', 'I']",5,C,CCD
2022-05-11 13:33:49.184751360+00:00,P,22.69,2,"['@', 'F', 'I']",6,C,CCD
2022-05-11 13:33:49.184754944+00:00,N,22.69,2,"['@', 'F', 'I']",1,C,CCD
2022-05-11 13:33:54.896263+00:00,Z,22.61,100,['@'],11,C,CCD
2022-05-11 13:33:55.189257472+00:00,P,22.67,100,['@'],7,C,CCD
2022-05-11 13:33:55.189504528+00:00,Q,22.65,2,"['@', 'F', 'I']",11,C,CCD
2022-05-11 13:33:55.189757440+00:00,P,22.64,2,"['@', 'F', 'I']",8,C,CCD
2022-05-11 13:34:00.448145408+00:00,P,22.64,6,"['@', 'F', 'I']",9,C,CCD
2022-05-11 13:34:06.320997+00:00,Z,22.64,100,['@'],12,C,CCD
2022-05-11 13:34:06.321118+00:00,Z,22.64,10,"['@', 'I']",13,C,CCD
2022-05-11 13:34:06.321121834+00:00,Q,22.64,7,"['@', 'F', 'I']",12,C,CCD
2022-05-11 13:34:06.321207+00:00,Z,22.64,84,"['@', 'I']",14,C,CCD
2022-05-11 13:34:06.321239+00:00,Z,22.61,100,"['@', 'F']",15,C,CCD
2022-05-11 13:34:11.482636429+00:00,Q,22.71,16,"['@', 'F', 'I']",13,C,CCD
2022-05-11 13:34:11.777101+00:00,Z,22.69,16,"['@', 'F', 'I']",16,C,CCD
2022-05-11 13:34:11.941069+00:00,Z,22.68,48,"['@', 'F', 'I']",17,C,CCD
2022-05-11 13:34:11.941089+00:00,Z,22.68,27,"['@', 'F', 'I']",18,C,CCD
2022-05-11 13:34:17.358481+00:00,Z,22.65,100,['@'],19,C,CCD
2022-05-11 13:34:17.518170434+00:00,Q,22.64,7,"['@', 'F', 'I']",14,C,CCD
2022-05-11 13:34:17.518287+00:00,Z,22.61,100,"['@', 'F']",20,C,CCD
2022-05-11 13:34:17.518340+00:00,Z,22.64,7,"['@', 'F', 'I']",21,C,CCD
2022-05-11 13:34:17.518636+00:00,Z,22.64,93,"['@', 'F', 'I']",22,C,CCD
2022-05-11 13:34:23.284638+00:00,Z,22.67,7,"['@', 'F', 'I']",23,C,CCD
2022-05-11 13:34:23.542834371+00:00,Q,22.61,7,"['@', 'F', 'I']",15,C,CCD
2022-05-11 13:34:23.542886533+00:00,Q,22.63,7,"['@', 'F', 'I']",16,C,CCD
2022-05-11 13:34:23.542949+00:00,Z,22.65,100,"['@', 'F']",24,C,CCD
2022-05-11 13:34:23.543188744+00:00,Q,22.63,100,"['@', 'F']",17,C,CCD
2022-05-11 13:34:23.543702897+00:00,Q,22.63,86,"['@', 'I']",18,C,CCD
2022-05-11 13:34:29.329186666+00:00,Q,22.6,2,"['@', 'F', 'I']",19,C,CCD
2022-05-11 13:34:29.329186666+00:00,Q,22.6,5,"['@', 'F', 'I']",20,C,CCD
2022-05-11 13:34:29.329317+00:00,Z,22.6,100,"['@', 'F']",25,C,CCD
2022-05-11 13:34:29.329440256+00:00,P,22.62,2,"['@', 'F', 'I']",10,C,CCD
2022-05-11 13:34:29.329446656+00:00,P,22.62,5,"['@', 'F', 'I']",11,C,CCD
2022-05-11 13:34:29.329773824+00:00,P,22.62,100,"['@', 'F']",12,C,CCD
2022-05-11 13:34:29.330901740+00:00,Q,22.59,38,"['@', 'I']",21,C,CCD
2022-05-11 13:34:29.330968237+00:00,Q,22.59,13,"['@', 'I']",22,C,CCD
2022-05-11 13:34:29.331683+00:00,K,22.58,10,"['@', 'I']",6,C,CCD
2022-05-11 13:34:29.332558482+00:00,Q,22.57,18,"['@', 'I']",23,C,CCD
2022-05-11 13:34:29.332626404+00:00,Q,22.57,36,"['@', 'I']",24,C,CCD
2022-05-11 13:34:29.335554+00:00,K,22.5,10,"['@', 'I']",7,C,CCD
2022-05-11 13:34:34.410975+00:00,K,22.63,1,"['@', 'I']",8,C,CCD
2022-05-11 13:34:54.813844686+00:00,D,22.678,6,"['@', 'I']",8,C,CCD
2022-05-11 13:35:39.656092141+00:00,D,22.9957,1,"['@', 'I']",9,C,CCD
2022-05-11 13:35:39.659000+00:00,D,23.1,1,"['@', 'I']",11,C,CCD
2022-05-11 13:35:39.755743239+00:00,D,22.8,1,"['@', 'I']",10,C,CCD
2022-05-11 13:35:39.808751387+00:00,D,23.06,2,"['@', 'I']",12,C,CCD
2022-05-11 13:35:42.776441635+00:00,Q,22.57,60,"['@', 'I']",25,C,CCD
2022-05-11 13:36:06.073529769+00:00,D,22.805,100,['@'],13,C,CCD
2022-05-11 13:36:15.500630729+00:00,D,22.77,200,['@'],14,C,CCD
2022-05-11 13:37:08.218614+00:00,D,22.74,100,['@'],15,C,CCD
2022-05-11 13:37:23.173459388+00:00,U,22.61,44,"['@', 'I']",6,C,CCD
2022-05-11 13:37:31.391000+00:00,D,22.6263,1000,['@'],16,C,CCD
2022-05-11 13:38:15.753893+00:00,K,22.67,40,"['@', 'F', 'I']",9,C,CCD
2022-05-11 13:39:07.068906357+00:00,Q,22.76,100,"['@', 'F']",26,C,CCD
2022-05-11 13:39:42.445529600+00:00,P,22.58,200,"['@', 'F']",13,C,CCD
2022-05-11 13:40:01.450534+00:00,K,22.67,60,"['@', 'I']",10,C,CCD
2022-05-11 13:40:01.450658+00:00,K,22.67,240,"['@', 'F']",11,C,CCD
2022-05-11 13:40:01.450736722+00:00,D,22.7,100,['@'],17,C,CCD
2022-05-11 13:40:11.957000+00:00,D,22.61,100,['@'],18,C,CCD
2022-05-11 13:41:21.993036+00:00,Z,22.59,100,['@'],26,C,CCD
2022-05-11 13:41:22.189851857+00:00,Q,22.55,100,"['@', 'F']",27,C,CCD
2022-05-11 13:41:36.592317881+00:00,Q,22.56,200,['@'],28,C,CCD
2022-05-11 13:41:47.719462199+00:00,Q,22.59,200,"['@', 'F']",29,C,CCD
2022-05-11 13:41:48.746131160+00:00,Q,22.6,200,"['@', 'F']",30,C,CCD
2022-05-11 13:41:50.773647669+00:00,Q,22.61,100,"['@', 'F']",31,C,CCD
2022-05-11 13:41:52.094688088+00:00,V,22.655,100,['@'],3,C,CCD
2022-05-11 13:42:08.416000+00:00,D,22.655,100,['@'],19,C,CCD
2022-05-11 13:43:25.079064676+00:00,D,22.6437,45,"['@', 'I']",20,C,CCD
2022-05-11 13:43:29.229228732+00:00,Q,22.64,100,['@'],32,C,CCD
2022-05-11 13:43:36.324318373+00:00,V,22.67,45,"['@', 'I']",4,C,CCD
2022-05-11 13:43:36.325471572+00:00,V,22.67,55,"['@', 'I']",5,C,CCD
2022-05-11 13:43:36.326313216+00:00,P,22.65,45,"['@', 'F', 'I']",14,C,CCD
2022-05-11 13:43:48.122769990+00:00,Q,22.67,100,"['@', 'F']",33,C,CCD
2022-05-11 13:43:48.122769990+00:00,Q,22.66,42,"['@', 'F', 'I']",34,C,CCD
2022-05-11 13:44:01.450000+00:00,D,22.69,101,['@'],21,C,CCD
2022-05-11 13:44:13.521415+00:00,Y,22.7,58,"['@', 'I']",1,C,CCD
2022-05-11 13:44:45.470042+00:00,Y,22.7,11,"['@', 'I']",2,C,CCD
2022-05-11 13:45:52.618207+00:00,D,22.7,75,"['@', 'I']",24,C,CCD
2022-05-11 13:45:52.619000+00:00,D,22.7,100,['@'],23,C,CCD
2022-05-11 13:45:52.620000+00:00,D,22.7,100,['@'],22,C,CCD
2022-05-11 13:45:52.620532+00:00,Y,22.7,25,"['@', 'F', 'I']",3,C,CCD
2022-05-11 13:45:52.620663+00:00,Y,22.7,23,"['@', 'I']",4,C,CCD
2022-05-11 13:45:57.542757120+00:00,P,22.7,100,"['@', 'F']",15,C,CCD
2022-05-11 13:46:00.142324527+00:00,Q,22.7,100,"['@', 'F']",35,C,CCD
2022-05-11 13:46:00.142482+00:00,Y,22.7,31,"['@', 'F', 'I']",5,C,CCD
2022-05-11 13:46:00.142523392+00:00,P,22.7,25,"['@', 'F', 'I']",16,C,CCD
2022-05-11 13:46:00.142540032+00:00,A,22.7,121,"['@', 'F']",1,C,CCD
2022-05-11 13:46:00.144846274+00:00,V,22.7,100,['@'],6,C,CCD
2022-05-11 13:46:00.145388554+00:00,V,22.71,42,"['@', 'I']",7,C,CCD
2022-05-11 13:46:04.471126816+00:00,H,22.77,200,"['@', 'F']",1,C,CCD
2022-05-11 13:46:52.856526190+00:00,H,22.92,100,"['@', 'F']",2,C,CCD
2022-05-11 13:47:16.561830400+00:00,D,22.895,2214,['@'],25,C,CCD
2022-05-11 13:47:16.645805+00:00,D,22.895,1,"['@', '4', 'I']",26,C,CCD
2022-05-11 13:47:17.106145004+00:00,Q,22.98,100,"['@', 'F']",36,C,CCD
2022-05-11 13:47:17.106145004+00:00,Q,23.06,80,"['@', 'F', 'I']",37,C,CCD
2022-05-11 13:47:17.106190227+00:00,Q,23.06,2,"['@', 'F', 'I']",38,C,CCD
2022-05-11 13:47:17.106219445+00:00,Q,23.06,98,"['@', 'F', 'I']",39,C,CCD
2022-05-11 13:47:17.106281+00:00,Y,22.97,100,['@'],6,C,CCD
2022-05-11 13:47:17.106634460+00:00,V,23.0,100,['@'],8,C,CCD
2022-05-11 13:47:17.107123463+00:00,H,23.09,120,"['@', 'F']",3,C,CCD
2022-05-11 13:47:21.525036+00:00,D,22.875,100,['@'],27,C,CCD
2022-05-11 13:47:22.847016163+00:00,V,22.875,100,['@'],9,C,CCD
2022-05-11 13:47:49.487565993+00:00,V,22.875,100,['@'],10,C,CCD
2022-05-11 13:47:50.491000+00:00,D,22.895,100,['@'],28,C,CCD
2022-05-11 13:49:00.143000+00:00,D,22.895,100,['@'],29,C,CCD
2022-05-11 13:50:00.152000+00:00,D,22.895,100,['@'],30,C,CCD
2022-05-11 13:52:47.681553664+00:00,P,23.08,100,"['@', 'F']",17,C,CCD
2022-05-11 13:54:47.175165440+00:00,P,23.07,100,"['@', 'F']",18,C,CCD
2022-05-11 13:56:48.927080960+00:00,P,23.03,100,"['@', 'F']",19,C,CCD
2022-05-11 13:56:52.353000+00:00,D,22.9784,150,['@'],1,C,CCD
2022-05-11 13:57:53.591765215+00:00,D,22.945,1500,['@'],31,C,CCD
2022-05-11 13:57:55.240670720+00:00,P,23.04,33,"['@', 'F', 'I']",20,C,CCD
2022-05-11 13:57:55.240670720+00:00,P,23.05,100,"['@', 'F']",21,C,CCD
2022-05-11 13:57:55.240670720+00:00,P,23.05,67,"['@', 'F', 'I']",22,C,CCD
2022-05-11 13:57:55.241225059+00:00,V,23.05,12,"['@', 'I']",11,C,CCD
2022-05-11 13:57:55.846898+00:00,D,22.915,100,['@'],32,C,CCD
2022-05-11 13:58:03.972690764+00:00,V,22.95,100,['@'],12,C,CCD
2022-05-11 13:58:28.996000+00:00,D,22.9738,522,['@'],33,C,CCD
2022-05-11 13:59:23.753957615+00:00,D,22.9534,5,"['@', 'I']",34,C,CCD
2022-05-11 13:59:47.046000+00:00,D,22.9254,1500,['@'],35,C,CCD
2022-05-11 13:59:56.327538217+00:00,B,22.89,100,"['@', 'F']",1,C,CCD
2022-05-11 13:59:56.327576808+00:00,B,22.89,16,"['@', 'I']",2,C,CCD
2022-05-11 13:59:56.329200128+00:00,P,22.85,100,"['@', 'F']",23,C,CCD
2022-05-11 13:59:56.329202017+00:00,Q,22.85,76,"['@', 'F', 'I']",40,C,CCD
2022-05-11 13:59:56.531000+00:00,D,22.91,100,['@'],36,C,CCD
2022-05-11 14:00:00.812999731+00:00,B,22.89,9,"['@', 'F', 'I']",3,C,CCD
2022-05-11 14:00:31.600035+00:00,D,22.95,43,"['@', 'I']",37,C,CCD
2022-05-11 14:00:37.945000+00:00,D,22.89,1,"['@', 'Z', 'I']",222,C,CCD
2022-05-11 14:02:04.414000+00:00,D,22.9303,51,"['@', 'I']",38,C,CCD
2022-05-11 14:02:36.085000+00:00,D,22.907,1,"['@', 'I']",2,C,CCD
2022-05-11 14:03:35+00:00,D,22.97,1,"['@', 'I']",3,C,CCD
2022-05-11 14:03:57.351000+00:00,D,22.91,89,"['@', 'I']",39,C,CCD
2022-05-11 14:04:56.896000+00:00,D,22.91,3,"['@', 'I']",40,C,CCD
2022-05-11 14:05:22.262000+00:00,D,22.91,217,['@'],4,C,CCD
2022-05-11 14:05:22.265000+00:00,D,22.91,11,"['@', 'I']",41,C,CCD
2022-05-11 14:09:37.223000+00:00,D,22.91,100,['@'],42,C,CCD
2022-05-11 14:09:37.223799894+00:00,Q,22.91,11,"['@', 'F', 'I']",41,C,CCD
2022-05-11 14:09:51.483313170+00:00,D,22.9089,16,"['@', 'I']",43,C,CCD
2022-05-11 14:10:01.331403+00:00,Z,22.85,1,"['@', 'F', 'I']",27,C,CCD
2022-05-11 14:10:01.331459493+00:00,Q,22.85,24,"['@', 'I']",42,C,CCD
2022-05-11 14:10:01.331459493+00:00,Q,22.85,100,['@'],43,C,CCD
2022-05-11 14:10:01.331459493+00:00,Q,22.85,100,['@'],44,C,CCD
2022-05-11 14:10:01.331459493+00:00,Q,22.85,23,"['@', 'I']",45,C,CCD
2022-05-11 14:10:01.331746713+00:00,D,22.8,40,"['@', 'I']",44,C,CCD
2022-05-11 14:10:10.125597762+00:00,V,22.72,100,['@'],13,C,CCD
2022-05-11 14:10:10.125597762+00:00,V,22.72,90,"['@', 'I']",14,C,CCD
2022-05-11 14:11:57.285789911+00:00,Q,22.85,100,"['@', 'F']",46,C,CCD
2022-05-11 14:12:44.143193856+00:00,P,22.85,100,"['@', 'F']",24,C,CCD
2022-05-11 14:12:58.554239744+00:00,P,22.85,100,"['@', 'F']",25,C,CCD
2022-05-11 14:13:16.073021038+00:00,D,22.8319,7,"['@', 'I']",45,C,CCD
2022-05-11 14:13:58.110431267+00:00,Q,22.85,100,"['@', 'F']",47,C,CCD
2022-05-11 14:13:58.110757+00:00,D,22.83,100,['@'],46,C,CCD
2022-05-11 14:14:28.521192345+00:00,D,22.9393,1,"['@', 'I']",47,C,CCD
2022-05-11 14:14:32.884061593+00:00,Q,22.86,2,"['@', 'F', 'I']",48,C,CCD
2022-05-11 14:14:32.884061593+00:00,Q,22.97,76,"['@', 'F', 'I']",49,C,CCD
2022-05-11 14:14:32.884061593+00:00,Q,22.97,22,"['@', 'F', 'I']",50,C,CCD
2022-05-11 14:15:33.192922829+00:00,Q,22.97,78,"['@', 'F', 'I']",51,C,CCD
2022-05-11 14:15:33.193410866+00:00,V,22.94,60,"['@', 'I']",15,C,CCD
2022-05-11 14:15:33.193410866+00:00,V,22.94,40,"['@', 'I']",16,C,CCD
2022-05-11 14:15:33.193947788+00:00,Q,22.99,22,"['@', 'I']",52,C,CCD
2022-05-11 14:15:49.557795828+00:00,D,23.0148,400,['@'],48,C,CCD
2022-05-11 14:15:54.365411250+00:00,Q,22.99,78,"['@', 'F', 'I']",53,C,CCD
2022-05-11 14:15:54.365411250+00:00,Q,22.99,22,"['@', 'F', 'I']",54,C,CCD
2022-05-11 14:16:55.611917411+00:00,V,22.98,100,['@'],17,C,CCD
2022-05-11 14:18:08.025000+00:00,D,22.84,2,"['@', 'I']",49,C,CCD
2022-05-11 14:18:15.938809722+00:00,H,22.98,100,"['@', 'F']",4,C,CCD
2022-05-11 14:18:21.319572022+00:00,D,22.97,2,"['@', 'I']",50,C,CCD
2022-05-11 14:18:27.142163113+00:00,V,22.84,3,"['@', 'I']",18,C,CCD
2022-05-11 14:18:27.142433300+00:00,Q,22.84,2,"['@', 'F', 'I']",55,C,CCD
2022-05-11 14:18:27.142485039+00:00,Q,22.84,2,"['@', 'F', 'I']",56,C,CCD
2022-05-11 14:18:27.142509+00:00,K,22.9,5,"['@', 'F', 'I']",12,C,CCD
2022-05-11 14:18:27.142521721+00:00,Q,22.84,2,"['@', 'F', 'I']",57,C,CCD
2022-05-11 14:18:27.142556529+00:00,Q,22.84,2,"['@', 'F', 'I']",58,C,CCD
2022-05-11 14:18:27.142592897+00:00,Q,22.84,2,"['@', 'F', 'I']",59,C,CCD
2022-05-11 14:18:27.142628415+00:00,Q,22.84,2,"['@', 'F', 'I']",60,C,CCD
2022-05-11 14:18:27.142662589+00:00,Q,22.84,2,"['@', 'F', 'I']",61,C,CCD
2022-05-11 14:18:27.142665286+00:00,V,22.89,5,"['@', 'I']",19,C,CCD
2022-05-11 14:18:27.142697752+00:00,Q,22.84,2,"['@', 'F', 'I']",62,C,CCD
2022-05-11 14:19:22.468000+00:00,D,22.8488,10,"['@', 'I']",51,C,CCD
2022-05-11 14:19:37.363011598+00:00,H,22.98,100,"['@', 'F']",5,C,CCD
2022-05-11 14:20:00.235000+00:00,D,22.805,100,['@'],52,C,CCD
2022-05-11 14:20:37.564000+00:00,D,22.805,2,"['@', 'I']",5,C,CCD
2022-05-11 14:21:08.060608060+00:00,D,22.805,2,"['@', 'I']",53,C,CCD
2022-05-11 14:21:20.453314485+00:00,Q,22.94,100,"['@', 'F']",63,C,CCD
2022-05-11 14:21:39.529172702+00:00,D,22.815,1,"['@', 'I']",54,C,CCD
2022-05-11 14:21:41.862426631+00:00,D,22.9418,5,"['@', 'I']",55,C,CCD
2022-05-11 14:21:52.136374156+00:00,U,22.8,80,"['@', 'F', 'I']",7,C,CCD
2022-05-11 14:22:16.030488681+00:00,D,22.7812,1,"['@', 'I']",6,C,CCD
2022-05-11 14:26:44.477203+00:00,D,22.84,1,"['@', 'I']",57,C,CCD
2022-05-11 14:26:44.542534129+00:00,D,22.84,3,"['@', 'I']",56,C,CCD
2022-05-11 14:27:07.262000+00:00,D,22.7802,6300,['@'],58,C,CCD
2022-05-11 14:27:11.336563712+00:00,V,22.8,100,['@'],20,C,CCD
2022-05-11 14:27:11.337077+00:00,Z,22.73,100,"['@', 'F']",28,C,CCD
2022-05-11 14:27:11.337077+00:00,Z,22.72,19,"['@', 'F', 'I']",29,C,CCD
2022-05-11 14:27:11.337105+00:00,K,22.73,100,"['@', 'F']",13,C,CCD
2022-05-11 14:27:11.337105+00:00,K,22.72,100,"['@', 'F']",14,C,CCD
2022-05-11 14:27:11.337135775+00:00,Q,22.73,100,"['@', 'F']",64,C,CCD
2022-05-11 14:27:11.337135775+00:00,Q,22.73,100,"['@', 'F']",65,C,CCD
2022-05-11 14:27:11.337135775+00:00,Q,22.72,100,"['@', 'F']",66,C,CCD
2022-05-11 14:27:11.337135775+00:00,Q,22.71,100,"['@', 'F']",67,C,CCD
2022-05-11 14:27:11.337135775+00:00,Q,22.71,100,"['@', 'F']",68,C,CCD
2022-05-11 14:27:11.337136128+00:00,P,22.72,100,"['@', 'F']",26,C,CCD
2022-05-11 14:27:11.337136128+00:00,P,22.72,100,"['@', 'F']",27,C,CCD
2022-05-11 14:27:11.337136128+00:00,P,22.71,100,"['@', 'F']",28,C,CCD
2022-05-11 14:27:15.259156227+00:00,Q,22.85,100,"['@', 'F']",69,C,CCD
2022-05-11 14:27:40.025000+00:00,D,22.78,68,"['@', 'I']",7,C,CCD
2022-05-11 14:27:40.061000+00:00,D,22.78,1,"['@', 'I']",8,C,CCD
2022-05-11 14:27:45.143733650+00:00,Q,22.85,60,"['@', 'F', 'I']",70,C,CCD
2022-05-11 14:27:45.143733650+00:00,Q,22.85,40,"['@', 'F', 'I']",71,C,CCD
2022-05-11 14:28:06.245349361+00:00,Q,22.89,100,"['@', 'F']",72,C,CCD
2022-05-11 14:28:46.458102504+00:00,D,22.8818,1000,['@'],59,C,CCD
2022-05-11 14:28:46.461574876+00:00,D,22.8,145,['@'],9,C,CCD
2022-05-11 14:30:11.343181382+00:00,U,22.8,100,['@'],8,C,CCD
2022-05-11 14:30:11.344297222+00:00,U,22.8,49,"['@', 'I']",9,C,CCD
2022-05-11 14:32:30.657856792+00:00,Q,22.7,3,"['@', 'I']",73,C,CCD
2022-05-11 14:32:45.242762257+00:00,D,22.8544,1,"['@', 'I']",60,C,CCD
2022-05-11 14:35:23.087226+00:00,D,22.88,56,"['@', 'I']",61,C,CCD
2022-05-11 14:36:01.461000+00:00,D,22.85,175,['@'],10,C,CCD
2022-05-11 14:39:15.457000+00:00,D,22.785,100,['@'],11,C,CCD
2022-05-11 14:39:15.586471424+00:00,P,22.8,100,['@'],29,C,CCD
2022-05-11 14:40:13.548649984+00:00,P,22.8,48,"['@', 'I']",30,C,CCD
2022-05-11 14:40:27.679568+00:00,K,22.8,100,['@'],15,C,CCD
2022-05-11 14:41:22.191000+00:00,D,22.835,40,"['@', 'I']",62,C,CCD
2022-05-11 14:45:26.150000+00:00,D,22.835,200,['@'],12,C,CCD
2022-05-11 14:45:26.165265+00:00,D,22.87,100,['@'],64,C,CCD
2022-05-11 14:45:26.166000+00:00,D,22.8542,100,['@'],13,C,CCD
2022-05-11 14:45:26.166000+00:00,D,22.87,100,['@'],63,C,CCD
2022-05-11 14:45:26.168000+00:00,D,22.8542,100,['@'],14,C,CCD
2022-05-11 14:46:07.617539198+00:00,Q,22.88,500,['@'],74,C,CCD
2022-05-11 14:46:07.619294464+00:00,P,22.89,45,"['@', 'F', 'I']",31,C,CCD
2022-05-11 14:46:07.619382016+00:00,P,22.89,95,"['@', 'I']",32,C,CCD
2022-05-11 14:46:07.619423171+00:00,H,22.89,131,"['@', 'F']",6,C,CCD
2022-05-11 14:46:07.619505909+00:00,X,22.89,148,"['@', 'F']",1,C,CCD
2022-05-11 14:46:07.637760013+00:00,V,22.89,29,"['@', 'I']",21,C,CCD
2022-05-11 14:46:07.637765871+00:00,V,22.89,90,"['@', 'I']",22,C,CCD
2022-05-11 14:46:07.637961108+00:00,V,22.89,56,"['@', 'I']",23,C,CCD
2022-05-11 14:49:53.266000+00:00,D,22.87,32,"['@', 'I']",15,C,CCD
2022-05-11 14:49:53.300000+00:00,D,22.87,1,"['@', 'I']",16,C,CCD
2022-05-11 14:50:37.307621686+00:00,D,22.87,4,"['@', 'I']",65,C,CCD
2022-05-11 14:51:27.240112+00:00,K,22.8,100,['@'],16,C,CCD
2022-05-11 14:51:27.240135406+00:00,Q,22.8,1,"['@', 'I']",75,C,CCD
2022-05-11 14:51:27.240135406+00:00,Q,22.8,99,"['@', 'I']",76,C,CCD
2022-05-11 14:51:27.240225+00:00,K,22.8,200,"['@', 'F']",17,C,CCD
2022-05-11 14:51:27.240238379+00:00,Q,22.8,1,"['@', 'I']",77,C,CCD
2022-05-11 14:53:44.655560+00:00,K,22.78,14,"['@', 'I']",18,C,CCD
2022-05-11 14:55:56.072585130+00:00,D,22.8691,100,['@'],66,C,CCD
2022-05-11 14:56:55.130440+00:00,D,22.91,1,"['@', 'I']",67,C,CCD
2022-05-11 14:56:55.690000+00:00,D,22.79,25,"['@', 'I']",68,C,CCD
2022-05-11 14:58:42.014000+00:00,D,22.9099,13,"['@', 'I']",69,C,CCD
2022-05-11 14:59:37.625694+00:00,K,22.87,10,"['@', 'F', 'I']",19,C,CCD
2022-05-11 15:03:09.150000+00:00,D,22.8193,1360,['@'],70,C,CCD
2022-05-11 15:03:10.181000+00:00,D,22.8999,400,['@'],71,C,CCD
2022-05-11 15:07:15.212974251+00:00,Q,22.8,100,"['@', 'F']",78,C,CCD
2022-05-11 15:07:15.213032855+00:00,U,22.8,100,"['@', 'F']",10,C,CCD
2022-05-11 15:07:37.983454117+00:00,Q,22.7,2,"['@', 'I']",79,C,CCD
2022-05-11 15:09:29.473598033+00:00,Q,22.65,1,"['@', 'I']",80,C,CCD
2022-05-11 15:09:29.474288595+00:00,Q,22.61,22,"['@', 'I']",81,C,CCD
2022-05-11 15:09:29.474602458+00:00,Q,22.65,22,"['@', 'I']",82,C,CCD
2022-05-11 15:09:29.474868+00:00,Z,22.61,2,"['@', 'I']",30,C,CCD
2022-05-11 15:09:29.475000+00:00,D,22.65,19,"['@', 'I']",17,C,CCD
2022-05-11 15:09:29.475102149+00:00,X,22.61,100,"['@', 'F']",2,C,CCD
2022-05-11 15:09:29.476595319+00:00,Q,22.6,75,"['@', 'I']",83,C,CCD
2022-05-11 15:09:55.148553863+00:00,Q,22.65,2,"['@', 'I']",84,C,CCD
2022-05-11 15:09:55.148834+00:00,D,22.65,100,['@'],72,C,CCD
2022-05-11 15:12:34.063122595+00:00,D,22.655,47,"['@', 'I']",18,C,CCD
2022-05-11 15:12:34.067058107+00:00,D,22.655,53,"['@', 'I']",19,C,CCD
2022-05-11 15:13:46.413000+00:00,D,22.655,8,"['@', 'I']",20,C,CCD
2022-05-11 15:13:46.456000+00:00,D,22.655,1,"['@', 'I']",21,C,CCD
2022-05-11 15:15:44.404058828+00:00,D,22.65,5,"['@', 'I']",73,C,CCD
2022-05-11 15:15:44.444000+00:00,D,22.655,1,"['@', 'I']",22,C,CCD
2022-05-11 15:16:40.603068459+00:00,Q,22.65,1,"['@', 'I']",85,C,CCD
2022-05-11 15:16:40.603068459+00:00,Q,22.65,1,"['@', 'I']",86,C,CCD
2022-05-11 15:16:40.603660+00:00,J,22.61,100,['@'],1,C,CCD
2022-05-11 15:16:40.603678+00:00,K,22.61,100,['@'],20,C,CCD
2022-05-11 15:16:40.603678+00:00,K,22.61,100,['@'],21,C,CCD
2022-05-11 15:16:40.603678+00:00,K,22.6,100,['@'],22,C,CCD
2022-05-11 15:16:40.604000+00:00,D,22.65,10,"['@', 'I']",75,C,CCD
2022-05-11 15:16:40.604000+00:00,D,22.65,19,"['@', 'I']",76,C,CCD
2022-05-11 15:16:40.604359346+00:00,D,22.6,260,['@'],74,C,CCD
2022-05-11 15:16:40.607000+00:00,D,22.65,1,"['@', 'I']",77,C,CCD
2022-05-11 15:16:41.604972149+00:00,B,22.61,100,['@'],4,C,CCD
2022-05-11 15:16:41.606897+00:00,Z,22.58,100,['@'],31,C,CCD
2022-05-11 15:16:41.606897+00:00,Z,22.57,100,['@'],32,C,CCD
2022-05-11 15:16:41.607072055+00:00,U,22.6,15,"['@', 'I']",11,C,CCD
2022-05-11 15:16:41.607310503+00:00,Q,22.57,100,['@'],87,C,CCD
2022-05-11 15:16:42.609319+00:00,J,22.57,100,['@'],2,C,CCD
2022-05-11 15:16:42.609447948+00:00,Q,22.57,100,['@'],88,C,CCD
2022-05-11 15:16:43.584843+00:00,D,22.6491,318,['@'],23,C,CCD
2022-05-11 15:16:43.584892+00:00,D,22.6491,202,['@'],24,C,CCD
2022-05-11 15:16:43.620662593+00:00,U,22.57,100,"['@', 'F']",12,C,CCD
2022-05-11 15:16:53.322076+00:00,K,22.56,200,"['@', 'F']",23,C,CCD
2022-05-11 15:16:53.322113792+00:00,P,22.56,105,"['@', 'F']",33,C,CCD
2022-05-11 15:16:53.322184+00:00,K,22.56,6,"['@', 'I']",24,C,CCD
2022-05-11 15:16:53.322212+00:00,Z,22.56,100,['@'],33,C,CCD
2022-05-11 15:16:53.322262470+00:00,Q,22.57,100,['@'],89,C,CCD
2022-05-11 15:16:53.322262470+00:00,Q,22.56,35,"['@', 'I']",90,C,CCD
2022-05-11 15:16:53.322298624+00:00,P,22.56,100,['@'],34,C,CCD
2022-05-11 15:16:53.322303378+00:00,Q,22.56,153,['@'],91,C,CCD
2022-05-11 15:16:53.323073366+00:00,Q,22.56,18,"['@', 'I']",92,C,CCD
2022-05-11 15:16:53.323073366+00:00,Q,22.56,82,"['@', 'I']",93,C,CCD
2022-05-11 15:16:53.323465286+00:00,Q,22.56,124,"['@', 'F']",94,C,CCD
2022-05-11 15:16:53.323619+00:00,Z,22.56,106,"['@', 'F']",34,C,CCD
2022-05-11 15:16:53.323655168+00:00,P,22.56,1,"['@', 'F', 'I']",35,C,CCD
2022-05-11 15:16:53.324467484+00:00,Q,22.55,10,"['@', 'I']",95,C,CCD
2022-05-11 15:16:53.324467484+00:00,Q,22.55,90,"['@', 'I']",96,C,CCD
2022-05-11 15:16:53.324490977+00:00,Q,22.55,110,['@'],97,C,CCD
2022-05-11 15:16:53.325939+00:00,D,22.55,100,['@'],78,C,CCD
2022-05-11 15:16:55.305861994+00:00,U,22.54,75,"['@', 'I']",13,C,CCD
2022-05-11 15:17:06.606705308+00:00,Q,22.54,126,"['@', 'F']",98,C,CCD
2022-05-11 15:17:06.607641710+00:00,Q,22.54,74,"['@', 'I']",99,C,CCD
2022-05-11 15:17:06.607664793+00:00,Q,22.53,200,"['@', 'F']",100,C,CCD
2022-05-11 15:17:06.607664793+00:00,Q,22.53,200,"['@', 'F']",101,C,CCD
2022-05-11 15:17:06.607784+00:00,Z,22.53,200,"['@', 'F']",35,C,CCD
2022-05-11 15:17:06.607796+00:00,K,22.53,200,"['@', 'F']",25,C,CCD
2022-05-11 15:17:06.607869440+00:00,P,22.53,200,"['@', 'F']",36,C,CCD
2022-05-11 15:17:06.609222514+00:00,Q,22.53,100,"['@', 'F']",102,C,CCD
2022-05-11 15:17:06.612148589+00:00,Q,22.52,100,['@'],103,C,CCD
2022-05-11 15:17:06.617000+00:00,D,22.51,100,['@'],79,C,CCD
2022-05-11 15:17:06.625361408+00:00,P,22.51,100,"['@', 'F']",37,C,CCD
2022-05-11 15:17:06.625868894+00:00,Q,22.5,103,"['@', 'F']",104,C,CCD
2022-05-11 15:17:06.625873068+00:00,U,22.5,100,"['@', 'F']",14,C,CCD
2022-05-11 15:17:06.625874+00:00,K,22.5,90,"['@', 'F', 'I']",26,C,CCD
2022-05-11 15:17:06.625874+00:00,K,22.5,4,"['@', 'F', 'I']",27,C,CCD
2022-05-11 15:17:06.625874+00:00,K,22.5,6,"['@', 'F', 'I']",28,C,CCD
2022-05-11 15:17:06.627003243+00:00,D,22.5,97,"['@', 'I']",80,C,CCD
2022-05-11 15:17:07.611362304+00:00,P,22.5,45,"['@', 'I']",38,C,CCD
2022-05-11 15:17:07.613745+00:00,K,22.5,94,"['@', 'I']",29,C,CCD
2022-05-11 15:17:09.729207+00:00,Z,22.51,100,['@'],36,C,CCD
2022-05-11 15:17:19.813006476+00:00,Q,22.53,100,"['@', 'F']",105,C,CCD
2022-05-11 15:17:20.827433+00:00,Z,22.53,200,"['@', 'F']",37,C,CCD
2022-05-11 15:17:21.847223808+00:00,P,22.53,200,"['@', 'F']",39,C,CCD
2022-05-11 15:17:23.866266+00:00,Z,22.52,100,['@'],38,C,CCD
2022-05-11 15:17:23.867174+00:00,K,22.49,1,"['@', 'I']",30,C,CCD
2022-05-11 15:17:23.867974624+00:00,Q,22.53,100,"['@', 'F']",106,C,CCD
2022-05-11 15:17:26.890705+00:00,Z,22.52,81,"['@', 'I']",39,C,CCD
2022-05-11 15:17:26.892310324+00:00,Q,22.53,96,"['@', 'F', 'I']",107,C,CCD
2022-05-11 15:17:26.892503537+00:00,Q,22.53,23,"['@', 'F', 'I']",108,C,CCD
2022-05-11 15:17:33.955784525+00:00,D,22.5,269,['@'],25,C,CCD
2022-05-11 15:17:37.986143744+00:00,P,22.52,200,"['@', 'F']",40,C,CCD
2022-05-11 15:17:38.999215+00:00,Z,22.52,200,"['@', 'F']",40,C,CCD
2022-05-11 15:17:39.001569536+00:00,M,22.5,48,"['@', 'F', 'I']",1,C,CCD
2022-05-11 15:17:39.002189312+00:00,M,22.5,20,"['@', 'I']",2,C,CCD
2022-05-11 15:17:40.020811+00:00,Z,22.51,48,"['@', 'F', 'I']",41,C,CCD
2022-05-11 15:17:40.020827+00:00,Z,22.51,152,"['@', 'F']",42,C,CCD
2022-05-11 15:17:41.031851106+00:00,Q,22.51,200,"['@', 'F']",109,C,CCD
2022-05-11 15:17:41.031887104+00:00,M,22.5,24,"['@', 'F', 'I']",3,C,CCD
2022-05-11 15:17:43.047334+00:00,Z,22.51,200,"['@', 'F']",43,C,CCD
2022-05-11 15:17:47.085715573+00:00,Q,22.5,200,"['@', 'F']",110,C,CCD
2022-05-11 15:17:47.086265037+00:00,Q,22.5,100,['@'],111,C,CCD
2022-05-11 15:17:49.103785840+00:00,Q,22.5,200,"['@', 'F']",112,C,CCD
2022-05-11 15:17:50.109655691+00:00,Q,22.5,24,"['@', 'F', 'I']",113,C,CCD
2022-05-11 15:17:50.109667326+00:00,Q,22.5,24,"['@', 'F', 'I']",114,C,CCD
2022-05-11 15:17:50.109842734+00:00,Q,22.5,152,"['@', 'F']",115,C,CCD
2022-05-11 15:17:54.130336+00:00,Z,22.49,200,"['@', 'F']",44,C,CCD
2022-05-11 15:17:56.146666190+00:00,U,22.49,200,"['@', 'F']",15,C,CCD
2022-05-11 15:17:57.147280+00:00,Y,22.46,41,"['@', 'I']",7,C,CCD
2022-05-11 15:17:57.153066322+00:00,Q,22.49,200,"['@', 'F']",116,C,CCD
2022-05-11 15:17:58.155758611+00:00,Q,22.46,10,"['@', 'I']",117,C,CCD
2022-05-11 15:17:58.155758611+00:00,Q,22.46,90,"['@', 'I']",118,C,CCD
2022-05-11 15:18:05.174644729+00:00,Q,22.46,110,"['@', 'F']",119,C,CCD
2022-05-11 15:18:05.176000+00:00,D,22.469,110,['@'],26,C,CCD
2022-05-11 15:18:05.178161+00:00,Z,22.46,90,"['@', 'F', 'I']",45,C,CCD
2022-05-11 15:18:05.307000+00:00,D,22.47,1,"['@', 'I']",27,C,CCD
2022-05-11 15:18:06.192109381+00:00,U,22.48,48,"['@', 'F', 'I']",16,C,CCD
2022-05-11 15:18:37.406351+00:00,K,22.49,150,"['@', 'F']",31,C,CCD
2022-05-11 15:19:09.513880320+00:00,P,22.48,200,"['@', 'F']",41,C,CCD
2022-05-11 15:19:09.515406+00:00,Z,22.48,200,"['@', 'F']",46,C,CCD
2022-05-11 15:19:09.738797+00:00,Z,22.46,100,['@'],47,C,CCD
2022-05-11 15:19:41.080171184+00:00,D,22.47,450,['@'],81,C,CCD
2022-05-11 15:23:34.082180354+00:00,D,22.48,50,"['@', 'I']",28,C,CCD
2022-05-11 15:23:52.630615793+00:00,Q,22.5,100,['@'],120,C,CCD
2022-05-11 15:23:52.630782137+00:00,H,22.5,100,"['@', 'F']",7,C,CCD
2022-05-11 15:23:52.630782137+00:00,H,22.5,292,"['@', 'F']",8,C,CCD
2022-05-11 15:23:52.630862715+00:00,H,22.5,100,"['@', 'F']",9,C,CCD
2022-05-11 15:23:52.630899968+00:00,M,22.5,52,"['@', 'F', 'I']",4,C,CCD
2022-05-11 15:23:52.630932318+00:00,H,22.5,100,"['@', 'F']",10,C,CCD
2022-05-11 15:23:52.630987217+00:00,H,22.5,100,"['@', 'F']",11,C,CCD
2022-05-11 15:23:52.631000+00:00,D,22.5,100,['@'],82,C,CCD
2022-05-11 15:23:52.631103899+00:00,H,22.5,18,"['@', 'F', 'I']",12,C,CCD
2022-05-11 15:23:52.633229085+00:00,U,22.5,90,"['@', 'I']",17,C,CCD
2022-05-11 15:23:52.633305377+00:00,U,22.5,100,"['@', 'F']",18,C,CCD
2022-05-11 15:23:52.635580141+00:00,H,22.5,131,"['@', 'F']",13,C,CCD
2022-05-11 15:23:54.118000+00:00,D,22.6103,6000,['@'],83,C,CCD
2022-05-11 15:24:03.711724544+00:00,M,22.5,200,"['@', 'F']",5,C,CCD
2022-05-11 15:24:03.711834112+00:00,M,22.5,200,"['@', 'F']",6,C,CCD
2022-05-11 15:24:03.712039168+00:00,M,22.5,156,"['@', 'F']",7,C,CCD
2022-05-11 15:24:31.201861754+00:00,V,22.555,5,"['@', 'I']",24,C,CCD
2022-05-11 15:29:54.011258991+00:00,D,22.6,100,['@'],84,C,CCD
2022-05-11 15:30:13.152105404+00:00,V,22.535,4,"['@', 'I']",25,C,CCD
2022-05-11 15:30:13.152605317+00:00,V,22.55,25,"['@', 'I']",26,C,CCD
2022-05-11 15:30:34.598817655+00:00,D,22.4656,650,['@'],85,C,CCD
2022-05-11 15:36:13.162699536+00:00,D,22.61,300,['@'],86,C,CCD
2022-05-11 15:36:16.722000+00:00,D,22.555,1,"['@', 'I']",87,C,CCD
2022-05-11 15:36:21.643278+00:00,Z,22.53,153,"['@', 'F']",48,C,CCD
2022-05-11 15:36:23.215687031+00:00,D,22.555,100,['@'],29,C,CCD
2022-05-11 15:37:10.280714436+00:00,D,22.6018,200,['@'],88,C,CCD
2022-05-11 15:40:16.860000+00:00,D,22.61,1,"['@', 'I']",89,C,CCD
2022-05-11 15:41:57.264728626+00:00,D,22.61,70,"['@', 'I']",90,C,CCD
2022-05-11 15:42:08.921000+00:00,D,22.55,1,"['@', 'I']",91,C,CCD
2022-05-11 15:43:52.606000+00:00,D,22.61,100,['@'],92,C,CCD
2022-05-11 15:43:52.607467+00:00,D,22.61,100,['@'],93,C,CCD
2022-05-11 15:43:52.607467+00:00,D,22.61,100,['@'],94,C,CCD
2022-05-11 15:43:52.608292792+00:00,Q,22.61,14,"['@', 'F', 'I']",121,C,CCD
2022-05-11 15:43:52.636219+00:00,D,22.61,311,['@'],95,C,CCD
2022-05-11 15:43:52.656561+00:00,D,22.61,100,['@'],96,C,CCD
2022-05-11 15:43:52.658988589+00:00,Q,22.61,86,"['@', 'F', 'I']",122,C,CCD
2022-05-11 15:43:52.658988589+00:00,Q,22.61,77,"['@', 'F', 'I']",123,C,CCD
2022-05-11 15:43:52.659075072+00:00,M,22.61,45,"['@', 'F', 'I']",8,C,CCD
2022-05-11 15:43:52.682134+00:00,Z,22.61,305,"['@', 'F']",49,C,CCD
2022-05-11 15:43:54.211274241+00:00,Q,22.615,18,"['@', 'I']",124,C,CCD
2022-05-11 15:43:54.211312425+00:00,Q,22.615,2,"['@', 'F', 'I']",125,C,CCD
2022-05-11 15:43:54.211365569+00:00,Q,22.615,2,"['@', 'F', 'I']",126,C,CCD
2022-05-11 15:43:54.211402950+00:00,Q,22.615,2,"['@', 'F', 'I']",127,C,CCD
2022-05-11 15:43:54.211437568+00:00,Q,22.615,2,"['@', 'F', 'I']",128,C,CCD
2022-05-11 15:43:54.211472416+00:00,Q,22.615,2,"['@', 'F', 'I']",129,C,CCD
2022-05-11 15:43:54.211508437+00:00,Q,22.615,2,"['@', 'F', 'I']",130,C,CCD
2022-05-11 15:43:54.211777+00:00,K,22.615,25,"['@', 'F', 'I']",32,C,CCD
2022-05-11 15:43:54.211891+00:00,K,22.615,25,"['@', 'F', 'I']",33,C,CCD
2022-05-11 15:43:54.211906982+00:00,V,22.6,25,"['@', 'I']",27,C,CCD
2022-05-11 15:43:54.211956122+00:00,Q,22.615,2,"['@', 'F', 'I']",131,C,CCD
2022-05-11 15:43:54.211982+00:00,K,22.615,25,"['@', 'F', 'I']",34,C,CCD
2022-05-11 15:43:54.212023872+00:00,Q,22.615,2,"['@', 'F', 'I']",132,C,CCD
2022-05-11 15:43:54.212061660+00:00,Q,22.615,2,"['@', 'F', 'I']",133,C,CCD
2022-05-11 15:43:54.212077+00:00,K,22.615,25,"['@', 'F', 'I']",35,C,CCD
2022-05-11 15:43:54.212096036+00:00,Q,22.615,2,"['@', 'F', 'I']",134,C,CCD
2022-05-11 15:43:54.212133412+00:00,Q,22.615,2,"['@', 'F', 'I']",135,C,CCD
2022-05-11 15:43:54.212163+00:00,K,22.6,25,"['@', 'F', 'I']",36,C,CCD
2022-05-11 15:43:54.212168661+00:00,Q,22.615,2,"['@', 'F', 'I']",136,C,CCD
2022-05-11 15:43:54.212203198+00:00,Q,22.615,2,"['@', 'F', 'I']",137,C,CCD
2022-05-11 15:43:54.212238288+00:00,Q,22.615,2,"['@', 'F', 'I']",138,C,CCD
2022-05-11 15:43:54.212251+00:00,K,22.6,25,"['@', 'F', 'I']",37,C,CCD
2022-05-11 15:43:54.212272174+00:00,Q,22.615,2,"['@', 'F', 'I']",139,C,CCD
2022-05-11 15:43:54.212306500+00:00,Q,22.615,2,"['@', 'F', 'I']",140,C,CCD
2022-05-11 15:43:54.212341+00:00,K,22.6,25,"['@', 'F', 'I']",38,C,CCD
2022-05-11 15:43:54.212341105+00:00,Q,22.615,2,"['@', 'F', 'I']",141,C,CCD
2022-05-11 15:43:54.212378640+00:00,Q,22.615,2,"['@', 'F', 'I']",142,C,CCD
2022-05-11 15:43:54.212414909+00:00,Q,22.615,2,"['@', 'F', 'I']",143,C,CCD
2022-05-11 15:43:54.212423029+00:00,V,22.6,25,"['@', 'I']",28,C,CCD
2022-05-11 15:43:54.212429+00:00,K,22.6,25,"['@', 'F', 'I']",39,C,CCD
2022-05-11 15:43:54.212449372+00:00,Q,22.615,2,"['@', 'F', 'I']",144,C,CCD
2022-05-11 15:43:54.212485058+00:00,Q,22.615,2,"['@', 'F', 'I']",145,C,CCD
2022-05-11 15:43:54.212519364+00:00,Q,22.615,2,"['@', 'F', 'I']",146,C,CCD
2022-05-11 15:43:54.212553065+00:00,Q,22.615,2,"['@', 'F', 'I']",147,C,CCD
2022-05-11 15:43:54.212587737+00:00,Q,22.615,2,"['@', 'F', 'I']",148,C,CCD
2022-05-11 15:43:54.212623683+00:00,Q,22.615,2,"['@', 'F', 'I']",149,C,CCD
2022-05-11 15:43:54.212657599+00:00,Q,22.615,2,"['@', 'F', 'I']",150,C,CCD
2022-05-11 15:43:54.212692967+00:00,Q,22.615,2,"['@', 'F', 'I']",151,C,CCD
2022-05-11 15:43:54.212727435+00:00,Q,22.615,2,"['@', 'F', 'I']",152,C,CCD
2022-05-11 15:43:54.212761353+00:00,Q,22.615,2,"['@', 'F', 'I']",153,C,CCD
2022-05-11 15:43:54.212796186+00:00,Q,22.615,2,"['@', 'F', 'I']",154,C,CCD
2022-05-11 15:43:54.212830655+00:00,Q,22.615,2,"['@', 'F', 'I']",155,C,CCD
2022-05-11 15:43:54.212865151+00:00,Q,22.615,2,"['@', 'F', 'I']",156,C,CCD
2022-05-11 15:43:54.212900005+00:00,Q,22.615,2,"['@', 'F', 'I']",157,C,CCD
2022-05-11 15:43:54.212904637+00:00,V,22.6,25,"['@', 'I']",29,C,CCD
2022-05-11 15:43:54.212934712+00:00,Q,22.615,2,"['@', 'F', 'I']",158,C,CCD
2022-05-11 15:43:54.212971089+00:00,Q,22.615,2,"['@', 'F', 'I']",159,C,CCD
2022-05-11 15:43:54.213006142+00:00,Q,22.615,2,"['@', 'F', 'I']",160,C,CCD
2022-05-11 15:43:54.213040310+00:00,Q,22.615,2,"['@', 'F', 'I']",161,C,CCD
2022-05-11 15:43:54.213075190+00:00,Q,22.615,2,"['@', 'F', 'I']",162,C,CCD
2022-05-11 15:43:54.213110786+00:00,Q,22.615,2,"['@', 'F', 'I']",163,C,CCD
2022-05-11 15:43:54.213144698+00:00,Q,22.615,2,"['@', 'F', 'I']",164,C,CCD
2022-05-11 15:43:54.213190400+00:00,Q,22.615,2,"['@', 'F', 'I']",165,C,CCD
2022-05-11 15:43:54.213224772+00:00,Q,22.615,2,"['@', 'F', 'I']",166,C,CCD
2022-05-11 15:43:54.213259842+00:00,Q,22.615,2,"['@', 'F', 'I']",167,C,CCD
2022-05-11 15:43:54.213294441+00:00,Q,22.615,2,"['@', 'F', 'I']",168,C,CCD
2022-05-11 15:43:54.213328726+00:00,Q,22.615,2,"['@', 'F', 'I']",169,C,CCD
2022-05-11 15:43:54.213363661+00:00,Q,22.615,2,"['@', 'F', 'I']",170,C,CCD
2022-05-11 15:43:54.213387280+00:00,V,22.6,25,"['@', 'I']",30,C,CCD
2022-05-11 15:43:54.213400747+00:00,Q,22.615,2,"['@', 'F', 'I']",171,C,CCD
2022-05-11 15:43:54.213435264+00:00,Q,22.615,2,"['@', 'F', 'I']",172,C,CCD
2022-05-11 15:43:54.213470141+00:00,Q,22.615,2,"['@', 'F', 'I']",173,C,CCD
2022-05-11 15:43:54.213504945+00:00,Q,22.615,2,"['@', 'F', 'I']",174,C,CCD
2022-05-11 15:43:54.213539326+00:00,Q,22.615,2,"['@', 'F', 'I']",175,C,CCD
2022-05-11 15:43:54.213573300+00:00,Q,22.615,2,"['@', 'F', 'I']",176,C,CCD
2022-05-11 15:43:54.213607239+00:00,Q,22.615,2,"['@', 'F', 'I']",177,C,CCD
2022-05-11 15:43:54.213641761+00:00,Q,22.615,2,"['@', 'F', 'I']",178,C,CCD
2022-05-11 15:43:54.213675675+00:00,Q,22.615,2,"['@', 'F', 'I']",179,C,CCD
2022-05-11 15:43:54.213710077+00:00,Q,22.615,2,"['@', 'F', 'I']",180,C,CCD
2022-05-11 15:43:54.213743826+00:00,Q,22.615,2,"['@', 'F', 'I']",181,C,CCD
2022-05-11 15:43:54.213777686+00:00,Q,22.615,2,"['@', 'F', 'I']",182,C,CCD
2022-05-11 15:43:54.213813780+00:00,Q,22.615,2,"['@', 'F', 'I']",183,C,CCD
2022-05-11 15:43:54.213847519+00:00,Q,22.615,2,"['@', 'F', 'I']",184,C,CCD
2022-05-11 15:43:54.213867992+00:00,V,22.6,25,"['@', 'I']",31,C,CCD
2022-05-11 15:43:54.213881579+00:00,Q,22.615,2,"['@', 'F', 'I']",185,C,CCD
2022-05-11 15:43:54.213915714+00:00,Q,22.615,2,"['@', 'F', 'I']",186,C,CCD
2022-05-11 15:43:54.213950655+00:00,Q,22.615,2,"['@', 'F', 'I']",187,C,CCD
2022-05-11 15:43:54.213984477+00:00,Q,22.615,2,"['@', 'F', 'I']",188,C,CCD
2022-05-11 15:43:54.214018879+00:00,Q,22.615,2,"['@', 'F', 'I']",189,C,CCD
2022-05-11 15:43:54.214053252+00:00,Q,22.615,2,"['@', 'F', 'I']",190,C,CCD
2022-05-11 15:43:54.214087464+00:00,Q,22.615,2,"['@', 'F', 'I']",191,C,CCD
2022-05-11 15:43:54.214122322+00:00,Q,22.615,2,"['@', 'F', 'I']",192,C,CCD
2022-05-11 15:43:54.214158081+00:00,Q,22.615,2,"['@', 'F', 'I']",193,C,CCD
2022-05-11 15:45:14.020000+00:00,D,22.7856,2,"['@', 'I']",97,C,CCD
2022-05-11 15:50:17.108436742+00:00,D,22.8555,1,"['@', 'I']",98,C,CCD
2022-05-11 15:50:32.407000+00:00,D,22.6998,1200,['@'],99,C,CCD
2022-05-11 15:50:44.115876352+00:00,P,22.65,10,"['@', 'I']",42,C,CCD
2022-05-11 15:50:55.564000+00:00,D,22.7904,22,"['@', 'I']",100,C,CCD
2022-05-11 15:52:21.081149874+00:00,D,22.6275,480,['@'],101,C,CCD
2022-05-11 15:54:48.856878367+00:00,Q,22.61,100,['@'],194,C,CCD
2022-05-11 15:54:49.030089201+00:00,Q,22.61,100,['@'],195,C,CCD
2022-05-11 15:54:49.030170466+00:00,Q,22.61,100,['@'],196,C,CCD
2022-05-11 15:55:03.006316+00:00,D,22.615,100,['@'],102,C,CCD
2022-05-11 15:55:03.006318018+00:00,Q,22.63,200,"['@', 'F']",197,C,CCD
2022-05-11 15:55:06.663581+00:00,K,22.6,152,"['@', 'F']",40,C,CCD
2022-05-11 15:55:12.050188586+00:00,Q,22.6,100,['@'],198,C,CCD
2022-05-11 15:55:18.036955474+00:00,Q,22.65,100,['@'],199,C,CCD
2022-05-11 15:55:18.037019539+00:00,Q,22.65,100,['@'],200,C,CCD
2022-05-11 15:55:18.053706464+00:00,Q,22.65,300,"['@', 'F']",201,C,CCD
2022-05-11 15:55:18.053739368+00:00,Q,22.65,24,"['@', 'F', 'I']",202,C,CCD
2022-05-11 15:55:18.053775080+00:00,Q,22.65,76,"['@', 'I']",203,C,CCD
2022-05-11 15:55:21.158559341+00:00,D,22.61,144,['@'],30,C,CCD
2022-05-11 15:55:21.158971+00:00,J,22.58,100,"['@', 'F']",3,C,CCD
2022-05-11 15:55:21.158981018+00:00,H,22.58,84,"['@', 'F', 'I']",14,C,CCD
2022-05-11 15:55:21.159164645+00:00,D,22.6,10,"['@', 'I']",103,C,CCD
2022-05-11 15:55:33.819955945+00:00,D,22.7835,225,['@'],104,C,CCD
2022-05-11 15:55:39.690345456+00:00,D,22.765,1,"['@', 'I']",105,C,CCD
2022-05-11 15:55:53.994000+00:00,D,22.6,1,"['@', 'I']",106,C,CCD
2022-05-11 15:56:06.997000+00:00,D,22.6,1,"['@', 'I']",108,C,CCD
2022-05-11 15:56:07.003744+00:00,D,22.6043,1,"['@', 'I']",107,C,CCD
2022-05-11 15:57:38.659000+00:00,D,22.7172,1800,['@'],109,C,CCD
2022-05-11 15:57:44.255530131+00:00,U,22.61,131,"['@', 'F']",19,C,CCD
2022-05-11 15:58:14.748844852+00:00,X,22.61,45,"['@', 'F', 'I']",3,C,CCD
2022-05-11 15:58:14.749035955+00:00,X,22.61,99,"['@', 'F', 'I']",4,C,CCD
2022-05-11 15:59:29.805000+00:00,D,22.7,300,['@'],31,C,CCD
2022-05-11 15:59:30.656142027+00:00,Q,22.59,88,"['@', 'F', 'I']",204,C,CCD
2022-05-11 15:59:31.599070720+00:00,P,22.58,7,"['@', 'F', 'I']",43,C,CCD
2022-05-11 15:59:31.664842+00:00,K,22.58,200,"['@', 'F']",41,C,CCD
2022-05-11 15:59:31.664894976+00:00,P,22.58,14,"['@', 'F', 'I']",44,C,CCD
2022-05-11 15:59:31.664965632+00:00,A,22.61,144,"['@', 'F']",2,C,CCD
2022-05-11 16:00:50.116399+00:00,K,22.63,3,"['@', 'I']",42,C,CCD
2022-05-11 16:02:29.897000+00:00,D,22.5401,10,"['@', 'I']",110,C,CCD
2022-05-11 16:06:38.602000+00:00,D,22.615,100,['@'],111,C,CCD
2022-05-11 16:06:38.604427978+00:00,V,22.615,89,"['@', 'I']",32,C,CCD
2022-05-11 16:06:38.619192+00:00,Y,22.68,100,['@'],8,C,CCD
2022-05-11 16:06:38.619202+00:00,J,22.68,100,['@'],4,C,CCD
2022-05-11 16:06:38.619324598+00:00,B,22.68,100,['@'],5,C,CCD
2022-05-11 16:06:38.631284364+00:00,V,22.69,111,['@'],33,C,CCD
2022-05-11 16:06:38.632000+00:00,D,22.6899,3992,['@'],112,C,CCD
2022-05-11 16:06:51.665256+00:00,K,22.56,100,"['@', 'F']",43,C,CCD
2022-05-11 16:06:51.665256+00:00,K,22.56,100,"['@', 'F']",44,C,CCD
2022-05-11 16:06:51.665304544+00:00,Q,22.56,100,"['@', 'F']",205,C,CCD
2022-05-11 16:06:51.665304544+00:00,Q,22.56,100,"['@', 'F']",206,C,CCD
2022-05-11 16:06:51.665304544+00:00,Q,22.56,100,"['@', 'F']",207,C,CCD
2022-05-11 16:06:51.665304544+00:00,Q,22.56,100,"['@', 'F']",208,C,CCD
2022-05-11 16:06:51.665304544+00:00,Q,22.55,40,"['@', 'F', 'I']",209,C,CCD
2022-05-11 16:06:51.665313024+00:00,P,22.56,100,"['@', 'F']",45,C,CCD
2022-05-11 16:06:51.665313024+00:00,P,22.55,100,"['@', 'F']",46,C,CCD
2022-05-11 16:09:22.595000+00:00,D,22.62,25,"['@', 'I']",113,C,CCD
2022-05-11 16:14:52.746273365+00:00,D,22.51,1600,['@'],114,C,CCD
2022-05-11 16:14:56.668608920+00:00,V,22.53,11,"['@', 'I']",34,C,CCD
2022-05-11 16:14:56.668612135+00:00,V,22.53,140,['@'],35,C,CCD
2022-05-11 16:14:56.668612135+00:00,V,22.53,11,"['@', 'I']",36,C,CCD
2022-05-11 16:15:11.743694+00:00,Z,22.52,160,['@'],50,C,CCD
2022-05-11 16:15:51.684952129+00:00,U,22.53,125,"['@', 'F']",20,C,CCD
2022-05-11 16:18:21.667603968+00:00,C,22.53,142,"['@', 'F']",1,C,CCD
2022-05-11 16:19:23.718734592+00:00,P,22.53,1,"['@', 'I']",47,C,CCD
2022-05-11 16:19:23.718978+00:00,K,22.53,1,"['@', 'I']",45,C,CCD
2022-05-11 16:19:23.718978+00:00,K,22.53,1,"['@', 'I']",46,C,CCD
2022-05-11 16:23:12.827000+00:00,D,22.53,1538,['@'],115,C,CCD
2022-05-11 16:23:15.258196+00:00,K,22.55,100,"['@', 'F']",47,C,CCD
2022-05-11 16:23:15.258196+00:00,K,22.54,100,"['@', 'F']",48,C,CCD
2022-05-11 16:23:15.258214144+00:00,P,22.54,200,"['@', 'F']",48,C,CCD
2022-05-11 16:23:15.258217271+00:00,Q,22.55,100,"['@', 'F']",210,C,CCD
2022-05-11 16:23:15.258217271+00:00,Q,22.54,17,"['@', 'F', 'I']",211,C,CCD
2022-05-11 16:27:56.022141661+00:00,Q,22.55,100,['@'],212,C,CCD
2022-05-11 16:27:56.033995898+00:00,Q,22.55,100,['@'],213,C,CCD
2022-05-11 16:28:00.740516+00:00,K,22.53,50,"['@', 'I']",49,C,CCD
2022-05-11 16:29:11.552741785+00:00,U,22.53,1,"['@', 'I']",21,C,CCD
2022-05-11 16:29:33.266562007+00:00,D,22.5929,12,"['@', 'I']",116,C,CCD
2022-05-11 16:30:16.417837824+00:00,P,22.5,1,"['@', 'I']",49,C,CCD
2022-05-11 16:30:16.417837824+00:00,P,22.5,40,"['@', 'I']",50,C,CCD
2022-05-11 16:30:16.418076+00:00,K,22.5,100,['@'],50,C,CCD
2022-05-11 16:30:16.418143+00:00,K,22.5,1,"['@', 'I']",51,C,CCD
2022-05-11 16:30:16.418539008+00:00,P,22.49,192,"['@', 'F']",51,C,CCD
2022-05-11 16:30:16.418602496+00:00,P,22.49,3,"['@', 'F', 'I']",52,C,CCD
2022-05-11 16:32:49.399515+00:00,K,22.53,1,"['@', 'F', 'I']",52,C,CCD
2022-05-11 16:36:39.345000+00:00,D,22.5287,500,['@'],117,C,CCD
2022-05-11 16:37:18.209579254+00:00,V,22.505,100,['@'],37,C,CCD
2022-05-11 16:37:18.212023055+00:00,V,22.53,179,['@'],38,C,CCD
2022-05-11 16:37:18.212023055+00:00,V,22.53,38,"['@', 'I']",39,C,CCD
2022-05-11 16:37:18.212023055+00:00,V,22.53,42,"['@', 'I']",40,C,CCD
2022-05-11 16:37:32.041486+00:00,D,22.49,100,['@'],118,C,CCD
2022-05-11 16:37:57.331055407+00:00,D,22.58,400,['@'],119,C,CCD
2022-05-11 16:38:48.864872892+00:00,D,22.58,400,['@'],120,C,CCD
2022-05-11 16:39:00.195258034+00:00,V,22.56,100,['@'],41,C,CCD
2022-05-11 16:39:00.195270786+00:00,Q,22.57,100,['@'],214,C,CCD
2022-05-11 16:39:00.196000+00:00,D,22.58,100,['@'],121,C,CCD
2022-05-11 16:39:00.198869+00:00,D,22.58,100,['@'],127,C,CCD
2022-05-11 16:39:00.200517660+00:00,Q,22.58,100,"['@', 'F']",215,C,CCD
2022-05-11 16:39:00.202000+00:00,D,22.61,100,['@'],122,C,CCD
2022-05-11 16:39:00.202715+00:00,D,22.608,100,['@'],125,C,CCD
2022-05-11 16:39:00.204000+00:00,D,22.58,100,['@'],123,C,CCD
2022-05-11 16:39:00.204000+00:00,D,22.58,100,['@'],124,C,CCD
2022-05-11 16:39:00.205000+00:00,D,22.56,300,['@'],126,C,CCD
2022-05-11 16:39:44.798000+00:00,D,22.575,400,['@'],128,C,CCD
2022-05-11 16:40:26.062000+00:00,D,22.5555,400,['@'],129,C,CCD
2022-05-11 16:41:05.386000+00:00,D,22.555,400,['@'],130,C,CCD
2022-05-11 16:41:36.433000+00:00,D,22.555,400,['@'],131,C,CCD
2022-05-11 16:41:36.436947968+00:00,N,22.53,48,"['@', 'F', 'I']",2,C,CCD
2022-05-11 16:41:36.436974336+00:00,N,22.53,24,"['@', 'F', 'I']",3,C,CCD
2022-05-11 16:41:36.437005312+00:00,N,22.53,94,"['@', 'F', 'I']",4,C,CCD
2022-05-11 16:42:56.821020+00:00,K,22.5,124,"['@', 'F']",53,C,CCD
2022-05-11 16:43:11.067580798+00:00,Q,22.5,72,"['@', 'I']",216,C,CCD
2022-05-11 16:43:21.767278023+00:00,D,22.5266,10,"['@', 'I']",132,C,CCD
2022-05-11 16:43:21.770947584+00:00,P,22.5,127,"['@', 'F']",53,C,CCD
2022-05-11 16:44:19.105000+00:00,D,22.5172,64,"['@', 'I']",133,C,CCD
2022-05-11 16:48:23.915000+00:00,D,22.5064,22,"['@', 'I']",32,C,CCD
2022-05-11 16:48:41.203424+00:00,K,22.5,2,"['@', 'I']",54,C,CCD
2022-05-11 16:52:16.186000+00:00,D,22.485,8,"['@', 'I']",134,C,CCD
2022-05-11 16:53:14.945000+00:00,D,22.4816,120,['@'],135,C,CCD
2022-05-11 16:54:26.780222108+00:00,Q,22.47,72,"['@', 'F', 'I']",217,C,CCD
2022-05-11 16:54:26.780230734+00:00,Q,22.47,24,"['@', 'F', 'I']",218,C,CCD
2022-05-11 16:54:26.780233096+00:00,Q,22.47,24,"['@', 'F', 'I']",219,C,CCD
2022-05-11 16:54:26.780236463+00:00,Q,22.47,24,"['@', 'F', 'I']",220,C,CCD
2022-05-11 16:54:26.780250015+00:00,Q,22.47,24,"['@', 'F', 'I']",221,C,CCD
2022-05-11 16:54:26.780256275+00:00,Q,22.47,32,"['@', 'F', 'I']",222,C,CCD
2022-05-11 16:54:26.780357299+00:00,H,22.47,200,"['@', 'F']",15,C,CCD
2022-05-11 16:54:26.780366+00:00,K,22.47,100,"['@', 'F']",55,C,CCD
2022-05-11 16:55:22.813000+00:00,D,22.4735,148,['@'],136,C,CCD
2022-05-11 16:56:26.768803143+00:00,Q,22.46,10,"['@', 'I']",223,C,CCD
2022-05-11 16:56:26.793184+00:00,K,22.46,1,"['@', 'I']",56,C,CCD
2022-05-11 16:56:43.447000+00:00,D,22.4813,25,"['@', 'I']",137,C,CCD
2022-05-11 16:58:14.266453575+00:00,Q,22.45,5,"['@', 'I']",224,C,CCD
2022-05-11 16:58:14.266487+00:00,K,22.45,2,"['@', 'I']",57,C,CCD
2022-05-11 16:58:14.266487+00:00,K,22.45,98,"['@', 'I']",58,C,CCD
2022-05-11 16:58:14.266607+00:00,K,22.45,902,"['@', 'F']",59,C,CCD
2022-05-11 16:58:14.266607+00:00,K,22.45,1,"['@', 'F', 'I']",60,C,CCD
2022-05-11 16:58:14.266775144+00:00,U,22.4,20,"['@', 'I']",22,C,CCD
2022-05-11 16:58:14.281867116+00:00,U,22.41,100,"['@', 'F']",23,C,CCD
2022-05-11 16:59:03.469674326+00:00,Q,22.41,89,"['@', 'F', 'I']",225,C,CCD
2022-05-11 16:59:08.181178361+00:00,Q,22.41,11,"['@', 'F', 'I']",226,C,CCD
2022-05-11 16:59:08.181178361+00:00,Q,22.41,7,"['@', 'F', 'I']",227,C,CCD
2022-05-11 16:59:16.492118203+00:00,Q,22.41,9,"['@', 'F', 'I']",228,C,CCD
2022-05-11 17:03:44.229000+00:00,D,22.4489,200,['@'],138,C,CCD
2022-05-11 17:06:51.079000+00:00,D,22.4537,43,"['@', 'I']",139,C,CCD
2022-05-11 17:08:17.050254+00:00,D,22.41,100,['@'],140,C,CCD
2022-05-11 17:11:36.732000+00:00,D,22.4552,300,['@'],33,C,CCD
2022-05-11 17:12:10.637229639+00:00,U,22.47,11,"['@', 'I']",24,C,CCD
2022-05-11 17:13:25.716000+00:00,D,22.4213,300,['@'],141,C,CCD
2022-05-11 17:13:27.769533240+00:00,D,22.425,44,"['@', 'I']",142,C,CCD
2022-05-11 17:13:27.775812+00:00,D,22.425,1,"['@', 'I']",143,C,CCD
2022-05-11 17:13:27.778000+00:00,D,22.425,1,"['@', 'I']",144,C,CCD
2022-05-11 17:15:05.755069685+00:00,V,22.43,100,['@'],42,C,CCD
2022-05-11 17:15:05.758784650+00:00,Q,22.45,100,['@'],229,C,CCD
2022-05-11 17:15:05.761397075+00:00,V,22.48,100,['@'],43,C,CCD
2022-05-11 17:15:05.761397075+00:00,V,22.5,69,"['@', 'I']",44,C,CCD
2022-05-11 17:19:47.249207+00:00,K,22.47,2,"['@', 'F', 'I']",62,C,CCD
2022-05-11 17:19:54.672477+00:00,K,22.45,84,"['@', 'I']",63,C,CCD
2022-05-11 17:19:54.673133287+00:00,D,22.5,16,"['@', 'I']",145,C,CCD
2022-05-11 17:24:44.347000+00:00,D,22.4408,2014,['@'],146,C,CCD
2022-05-11 17:24:45.390815+00:00,D,22.4408,1,"['@', 'I']",147,C,CCD
2022-05-11 17:26:08.771934373+00:00,Q,22.42,40,"['@', 'I']",230,C,CCD
2022-05-11 17:29:34.872577536+00:00,P,22.44,10,"['@', 'I']",54,C,CCD
2022-05-11 17:29:34.883000+00:00,D,22.41,90,"['@', 'I']",149,C,CCD
2022-05-11 17:29:34.884494318+00:00,D,22.4101,90,"['@', 'I']",148,C,CCD
2022-05-11 17:30:12.054000+00:00,D,22.4562,100,['@'],34,C,CCD
2022-05-11 17:31:21.718785513+00:00,D,22.49,1,"['@', 'I']",150,C,CCD
2022-05-11 17:35:30.890226+00:00,K,22.41,100,['@'],64,C,CCD
2022-05-11 17:35:30.890242+00:00,Z,22.41,100,['@'],51,C,CCD
2022-05-11 17:35:30.890312754+00:00,Q,22.41,100,['@'],231,C,CCD
2022-05-11 17:35:30.890366+00:00,D,22.41,100,['@'],151,C,CCD
2022-05-11 17:35:30.890509475+00:00,V,22.41,100,['@'],45,C,CCD
2022-05-11 17:35:30.898575+00:00,K,22.4,1,"['@', 'I']",65,C,CCD
2022-05-11 17:35:30.898730401+00:00,Q,22.4,449,['@'],232,C,CCD
2022-05-11 17:35:30.898761984+00:00,P,22.4,200,['@'],55,C,CCD
2022-05-11 17:35:30.898761984+00:00,P,22.4,50,"['@', 'I']",56,C,CCD
2022-05-11 17:35:30.898989791+00:00,D,22.41,1,"['@', 'I']",152,C,CCD
2022-05-11 17:35:30.900464358+00:00,Q,22.4,49,"['@', 'I']",233,C,CCD
2022-05-11 17:35:30.900498783+00:00,Q,22.4,502,"['@', 'F']",234,C,CCD
2022-05-11 17:35:30.903516+00:00,Z,22.38,200,"['@', 'F']",52,C,CCD
2022-05-11 17:35:30.903657960+00:00,Q,22.38,1,"['@', 'F', 'I']",235,C,CCD
2022-05-11 17:35:30.904209058+00:00,Q,22.38,50,"['@', 'F', 'I']",236,C,CCD
2022-05-11 17:37:06.650000+00:00,D,22.415,100,['@'],153,C,CCD
2022-05-11 17:37:57.884000+00:00,D,22.425,100,['@'],154,C,CCD
2022-05-11 17:38:25.010689800+00:00,D,22.4486,100,['@'],155,C,CCD
2022-05-11 17:38:58.451898448+00:00,Q,22.4,100,['@'],237,C,CCD
2022-05-11 17:38:58.451968725+00:00,Q,22.4,100,"['@', 'F']",238,C,CCD
2022-05-11 17:39:40.579329+00:00,D,22.39,864,['@'],1,C,CCD
2022-05-11 17:39:45.586113+00:00,D,22.39,100,['@'],2,C,CCD
2022-05-11 17:39:45.586336+00:00,D,22.38,100,['@'],156,C,CCD
2022-05-11 17:39:45.591173894+00:00,Q,22.38,9,"['@', 'F', 'I']",239,C,CCD
2022-05-11 17:39:45.591173894+00:00,Q,22.38,1,"['@', 'F', 'I']",240,C,CCD
2022-05-11 17:39:45.591195903+00:00,Q,22.37,24,"['@', 'F', 'I']",241,C,CCD
2022-05-11 17:39:45.591197519+00:00,Q,22.37,26,"['@', 'F', 'I']",242,C,CCD
2022-05-11 17:39:45.591338+00:00,K,22.37,21,"['@', 'F', 'I']",66,C,CCD
2022-05-11 17:39:45.591376+00:00,K,22.37,579,"['@', 'F']",67,C,CCD
2022-05-11 17:39:45.591436032+00:00,P,22.37,200,['@'],57,C,CCD
2022-05-11 17:39:45.591451696+00:00,Q,22.36,10,"['@', 'F', 'I']",243,C,CCD
2022-05-11 17:39:45.592000+00:00,D,22.38,4,"['@', 'I']",157,C,CCD
2022-05-11 17:39:46.608956+00:00,Z,22.37,200,"['@', 'F']",53,C,CCD
2022-05-11 17:39:46.876807512+00:00,H,22.38,500,"['@', 'F']",16,C,CCD
2022-05-11 17:39:46.907102762+00:00,H,22.38,100,"['@', 'F']",17,C,CCD
2022-05-11 17:39:55.452000+00:00,D,22.45,423,['@'],158,C,CCD
2022-05-11 17:42:37.460486462+00:00,V,22.35,138,['@'],46,C,CCD
2022-05-11 17:42:37.470529+00:00,K,22.33,10,"['@', 'I']",68,C,CCD
2022-05-11 17:42:37.471353821+00:00,D,22.44,2,"['@', 'I']",159,C,CCD
2022-05-11 17:43:34.878219791+00:00,D,22.4342,100,['@'],160,C,CCD
2022-05-11 17:48:12.618000+00:00,D,22.3992,5,"['@', 'I']",161,C,CCD
2022-05-11 17:48:18.836000+00:00,D,22.3114,500,['@'],35,C,CCD
2022-05-11 17:48:45.193000+00:00,D,22.38,5,"['@', 'I']",162,C,CCD
2022-05-11 17:52:01.276696091+00:00,D,22.4391,500,['@'],163,C,CCD
2022-05-11 17:58:35.550000+00:00,D,22.3949,1,"['@', 'I']",164,C,CCD
2022-05-11 17:59:08.365315+00:00,D,22.31,50,"['@', 'I']",166,C,CCD
2022-05-11 17:59:08.365359+00:00,D,22.31,37,"['@', 'I']",165,C,CCD
2022-05-11 17:59:10.878688+00:00,D,22.31,27,"['@', 'I']",167,C,CCD
2022-05-11 17:59:11.336878673+00:00,Q,22.35,1,"['@', 'F', 'I']",244,C,CCD
2022-05-11 17:59:11.336878673+00:00,Q,22.33,1,"['@', 'F', 'I']",245,C,CCD
2022-05-11 17:59:11.336878673+00:00,Q,22.31,38,"['@', 'F', 'I']",246,C,CCD
2022-05-11 17:59:11.336882+00:00,K,22.35,1,"['@', 'F', 'I']",69,C,CCD
2022-05-11 17:59:11.336882+00:00,K,22.35,1,"['@', 'F', 'I']",70,C,CCD
2022-05-11 17:59:11.336896512+00:00,P,22.35,1,"['@', 'F', 'I']",58,C,CCD
2022-05-11 17:59:11.338000+00:00,D,22.33,9,"['@', 'I']",168,C,CCD
2022-05-11 18:02:36.681906192+00:00,D,22.4003,109,['@'],169,C,CCD
2022-05-11 18:08:35.626041+00:00,K,22.4,2,"['@', 'I']",71,C,CCD
2022-05-11 18:14:44.713000+00:00,D,22.4305,10,"['@', 'I']",170,C,CCD
2022-05-11 18:16:37.522169885+00:00,D,22.402,700,['@'],171,C,CCD
2022-05-11 18:16:37.527595001+00:00,Q,22.4,300,['@'],247,C,CCD
2022-05-11 18:16:37.527753+00:00,K,22.4,24,"['@', 'I']",72,C,CCD
2022-05-11 18:16:37.527892+00:00,K,22.4,176,"['@', 'F']",73,C,CCD
2022-05-11 18:16:37.528284+00:00,K,22.37,8,"['@', 'F', 'I']",74,C,CCD
2022-05-11 18:16:37.528399365+00:00,Q,22.37,56,"['@', 'F', 'I']",248,C,CCD
2022-05-11 18:16:37.528438453+00:00,Q,22.37,100,['@'],249,C,CCD
2022-05-11 18:16:37.529000+00:00,D,22.37,2,"['@', 'I']",36,C,CCD
2022-05-11 18:16:56.369512262+00:00,Q,22.42,100,"['@', 'F']",250,C,CCD
2022-05-11 18:16:56.369512262+00:00,Q,22.42,100,"['@', 'F']",251,C,CCD
2022-05-11 18:16:56.369512262+00:00,Q,22.42,100,"['@', 'F']",252,C,CCD
2022-05-11 18:16:56.369537257+00:00,Q,22.42,244,"['@', 'F']",253,C,CCD
2022-05-11 18:17:25.373127+00:00,D,22.4,500,['@'],172,C,CCD
2022-05-11 18:20:24.173438300+00:00,Q,22.41,1200,['@'],254,C,CCD
2022-05-11 18:20:24.173471873+00:00,Q,22.41,17,"['@', 'F', 'I']",255,C,CCD
2022-05-11 18:20:24.173514774+00:00,Q,22.41,1138,['@'],256,C,CCD
2022-05-11 18:20:24.173539241+00:00,Q,22.41,145,['@'],257,C,CCD
2022-05-11 18:21:06.648374272+00:00,P,22.37,200,['@'],59,C,CCD
2022-05-11 18:21:06.648740893+00:00,D,22.4,800,['@'],173,C,CCD
2022-05-11 18:21:19.688560403+00:00,D,22.3417,5,"['@', 'I']",174,C,CCD
2022-05-11 18:25:29.130000+00:00,D,22.3909,1,"['@', 'I']",37,C,CCD
2022-05-11 18:25:31.429335826+00:00,D,22.4203,50,"['@', 'I']",175,C,CCD
2022-05-11 18:26:31.543287599+00:00,Q,22.43,100,"['@', 'F']",258,C,CCD
2022-05-11 18:26:31.543626691+00:00,Q,22.45,72,"['@', 'F', 'I']",259,C,CCD
2022-05-11 18:26:31.543634511+00:00,Q,22.45,24,"['@', 'F', 'I']",260,C,CCD
2022-05-11 18:26:31.543672898+00:00,Q,22.45,97,"['@', 'F', 'I']",261,C,CCD
2022-05-11 18:26:33.551000+00:00,D,22.4494,3,"['@', 'I']",38,C,CCD
2022-05-11 18:32:18.267764661+00:00,V,22.39,100,['@'],47,C,CCD
2022-05-11 18:37:52.510211+00:00,D,22.47,50,"['@', 'I']",176,C,CCD
2022-05-11 18:37:52.510549264+00:00,V,22.46,45,"['@', 'I']",48,C,CCD
2022-05-11 18:37:52.513535899+00:00,D,22.478,105,['@'],177,C,CCD
2022-05-11 18:38:09.135897542+00:00,Q,22.46,67,"['@', 'F', 'I']",262,C,CCD
2022-05-11 18:38:46.572000+00:00,D,22.4582,300,['@'],39,C,CCD
2022-05-11 18:41:31.403221+00:00,Z,22.44,133,"['@', 'F']",54,C,CCD
2022-05-11 18:42:30.757634592+00:00,D,22.4615,24,"['@', 'I']",178,C,CCD
2022-05-11 18:44:08.519782991+00:00,D,22.4635,20,"['@', 'I']",179,C,CCD
2022-05-11 18:45:21.070130311+00:00,Q,22.46,48,"['@', 'F', 'I']",263,C,CCD
2022-05-11 18:45:21.070145952+00:00,Q,22.46,24,"['@', 'F', 'I']",264,C,CCD
2022-05-11 18:45:21.070189388+00:00,Q,22.46,28,"['@', 'I']",265,C,CCD
2022-05-11 18:45:25.029224662+00:00,D,22.46,100,['@'],180,C,CCD
2022-05-11 18:45:25.030000+00:00,D,22.479,400,['@'],181,C,CCD
2022-05-11 18:45:48.277861+00:00,D,22.48,50,"['@', 'I']",182,C,CCD
2022-05-11 18:45:48.278000+00:00,D,22.48,50,"['@', 'I']",184,C,CCD
2022-05-11 18:45:48.278823965+00:00,D,22.48,50,"['@', 'I']",183,C,CCD
2022-05-11 18:45:48.282143+00:00,K,22.48,100,"['@', 'F']",75,C,CCD
2022-05-11 18:45:48.282259825+00:00,Q,22.48,50,"['@', 'F', 'I']",266,C,CCD
2022-05-11 18:45:48.282315642+00:00,Q,22.48,118,"['@', 'F']",267,C,CCD
2022-05-11 18:45:48.282315642+00:00,Q,22.48,100,"['@', 'F']",268,C,CCD
2022-05-11 18:45:48.282315642+00:00,Q,22.48,100,"['@', 'F']",269,C,CCD
2022-05-11 18:46:03.276117+00:00,Z,22.46,200,"['@', 'F']",55,C,CCD
2022-05-11 18:47:41.653439923+00:00,Q,22.45,24,"['@', 'F', 'I']",270,C,CCD
2022-05-11 18:47:41.653456004+00:00,Q,22.45,48,"['@', 'F', 'I']",271,C,CCD
2022-05-11 18:47:41.653462971+00:00,Q,22.45,24,"['@', 'F', 'I']",272,C,CCD
2022-05-11 18:47:41.653649450+00:00,Q,22.45,104,"['@', 'F']",273,C,CCD
2022-05-11 18:49:16.220000+00:00,D,22.38,440,['@'],185,C,CCD
2022-05-11 18:50:11.272000+00:00,D,22.4076,10,"['@', 'I']",40,C,CCD
2022-05-11 18:53:04.312000+00:00,D,22.3963,400,['@'],41,C,CCD
2022-05-11 18:53:44.099000+00:00,D,22.4358,200,['@'],186,C,CCD
2022-05-11 18:57:40.903674800+00:00,D,22.395,25,"['@', 'I']",187,C,CCD
2022-05-11 18:59:32.993031+00:00,D,22.47,300,['@'],188,C,CCD
2022-05-11 19:01:16.588142592+00:00,D,22.4038,3,"['@', 'I']",189,C,CCD
2022-05-11 19:04:29.077195520+00:00,P,22.36,200,['@'],60,C,CCD
2022-05-11 19:04:29.080368390+00:00,Q,22.35,25,"['@', 'I']",274,C,CCD
2022-05-11 19:04:29.080471808+00:00,P,22.35,50,"['@', 'I']",61,C,CCD
2022-05-11 19:04:29.080537636+00:00,U,22.38,10,"['@', 'I']",25,C,CCD
2022-05-11 19:04:48.547106+00:00,K,22.33,3,"['@', 'I']",76,C,CCD
2022-05-11 19:05:53.297000+00:00,D,22.385,500,['@'],190,C,CCD
2022-05-11 19:07:18.361689660+00:00,D,22.385,200,['@'],191,C,CCD
2022-05-11 19:08:26.782284887+00:00,D,22.385,45,"['@', 'I']",192,C,CCD
2022-05-11 19:09:05.852860+00:00,D,22.42,300,['@'],3,C,CCD
2022-05-11 19:09:05.899846+00:00,D,22.42,300,['@'],4,C,CCD
2022-05-11 19:09:06.406281+00:00,J,22.46,100,"['@', 'F']",5,C,CCD
2022-05-11 19:09:06.417268159+00:00,Q,22.46,100,"['@', 'F']",275,C,CCD
2022-05-11 19:09:06.426783740+00:00,Q,22.46,31,"['@', 'F', 'I']",276,C,CCD
2022-05-11 19:09:06.426783740+00:00,Q,22.46,69,"['@', 'F', 'I']",277,C,CCD
2022-05-11 19:09:06.436152+00:00,K,22.46,100,"['@', 'F']",77,C,CCD
2022-05-11 19:09:06.436259+00:00,Z,22.47,102,"['@', 'F']",56,C,CCD
2022-05-11 19:09:06.446739+00:00,K,22.46,100,"['@', 'F']",78,C,CCD
2022-05-11 19:09:06.456236907+00:00,V,22.47,100,['@'],49,C,CCD
2022-05-11 19:09:06.466073026+00:00,Q,22.47,100,"['@', 'F']",278,C,CCD
2022-05-11 19:09:06.474700699+00:00,Q,22.48,100,"['@', 'F']",279,C,CCD
2022-05-11 19:09:06.515625+00:00,Z,22.47,100,"['@', 'F']",57,C,CCD
2022-05-11 19:09:06.528759+00:00,D,22.46,300,['@'],193,C,CCD
2022-05-11 19:09:06.561577423+00:00,Q,22.47,100,"['@', 'F']",280,C,CCD
2022-05-11 19:09:06.607683091+00:00,Q,22.48,100,"['@', 'F']",281,C,CCD
2022-05-11 19:09:06.652292+00:00,K,22.48,100,"['@', 'F']",79,C,CCD
2022-05-11 19:09:06.699439538+00:00,Q,22.48,100,"['@', 'F']",282,C,CCD
2022-05-11 19:09:06.741491+00:00,K,22.48,100,"['@', 'F']",80,C,CCD
2022-05-11 19:09:06.802345+00:00,Z,22.48,100,"['@', 'F']",58,C,CCD
2022-05-11 19:09:06.833977957+00:00,Q,22.48,100,"['@', 'F']",283,C,CCD
2022-05-11 19:09:06.834706359+00:00,Q,22.43,23,"['@', 'I']",284,C,CCD
2022-05-11 19:09:06.878807+00:00,Z,22.48,100,"['@', 'F']",59,C,CCD
2022-05-11 19:09:06.878968571+00:00,Q,22.48,23,"['@', 'F', 'I']",285,C,CCD
2022-05-11 19:09:06.930103069+00:00,Q,22.48,100,"['@', 'F']",286,C,CCD
2022-05-11 19:09:06.974679151+00:00,Q,22.48,100,"['@', 'F']",287,C,CCD
2022-05-11 19:09:07.015948133+00:00,Q,22.48,100,"['@', 'F']",288,C,CCD
2022-05-11 19:09:07.063490187+00:00,Q,22.47,100,"['@', 'F']",289,C,CCD
2022-05-11 19:12:53.649000+00:00,D,22.3417,2425,['@'],194,C,CCD
2022-05-11 19:13:29.226000+00:00,D,22.3846,22,"['@', 'I']",195,C,CCD
2022-05-11 19:14:14.771436714+00:00,V,22.42,100,['@'],50,C,CCD
2022-05-11 19:16:25.578774+00:00,K,22.42,50,"['@', 'F', 'I']",81,C,CCD
2022-05-11 19:21:44.554259502+00:00,Q,22.43,10,"['@', 'F', 'I']",290,C,CCD
2022-05-11 19:23:41.806537267+00:00,Q,22.39,100,['@'],291,C,CCD
2022-05-11 19:23:41.807637+00:00,Y,22.35,100,['@'],9,C,CCD
2022-05-11 19:23:41.810000+00:00,D,22.34,412,['@'],196,C,CCD
2022-05-11 19:28:36.473466910+00:00,V,22.37,100,['@'],51,C,CCD
2022-05-11 19:28:36.476000+00:00,D,22.34,200,['@'],197,C,CCD
2022-05-11 19:28:36.480316+00:00,K,22.34,10,"['@', 'I']",82,C,CCD
2022-05-11 19:28:36.480358+00:00,Z,22.34,100,['@'],60,C,CCD
2022-05-11 19:28:36.480465239+00:00,Q,22.34,100,['@'],292,C,CCD
2022-05-11 19:28:36.489000+00:00,D,22.32,100,['@'],198,C,CCD
2022-05-11 19:28:36.489802+00:00,D,22.32,100,['@'],199,C,CCD
2022-05-11 19:28:36.494090991+00:00,Q,22.32,1,"['@', 'I']",293,C,CCD
2022-05-11 19:28:36.495000+00:00,D,22.32,1,"['@', 'I']",200,C,CCD
2022-05-11 19:28:36.512000+00:00,D,22.31,389,['@'],201,C,CCD
2022-05-11 19:28:51.254058+00:00,K,22.41,100,['@'],83,C,CCD
2022-05-11 19:28:54.311299+00:00,Z,22.405,100,['@'],61,C,CCD
2022-05-11 19:29:05.813801947+00:00,Q,22.4,8,"['@', 'I']",294,C,CCD
2022-05-11 19:29:22.613782692+00:00,Q,22.43,100,['@'],295,C,CCD
2022-05-11 19:29:22.614025984+00:00,P,22.435,2,"['@', 'F', 'I']",62,C,CCD
2022-05-11 19:29:22.614097664+00:00,P,22.435,2,"['@', 'F', 'I']",63,C,CCD
2022-05-11 19:29:52.821000+00:00,D,22.43,100,['@'],202,C,CCD
2022-05-11 19:30:02.750974956+00:00,D,22.435,10,"['@', 'I']",203,C,CCD
2022-05-11 19:32:27.338907+00:00,D,22.44,100,['@'],204,C,CCD
2022-05-11 19:35:32.119430587+00:00,D,22.5,500,['@'],205,C,CCD
2022-05-11 19:39:52.853887+00:00,K,22.455,100,['@'],84,C,CCD
2022-05-11 19:40:22.855210+00:00,K,22.455,100,['@'],85,C,CCD
2022-05-11 19:42:10.055000+00:00,D,22.4322,45,"['@', 'I']",206,C,CCD
2022-05-11 19:42:10.059000+00:00,D,22.445,100,['@'],207,C,CCD
2022-05-11 19:42:45.398138176+00:00,Q,22.43,10,"['@', 'I']",296,C,CCD
2022-05-11 19:42:45.404630+00:00,D,22.41,90,"['@', 'I']",208,C,CCD
2022-05-11 19:43:06.716000+00:00,D,22.4,100,['@'],209,C,CCD
2022-05-11 19:43:19.818206313+00:00,Q,22.4,33,"['@', 'F', 'I']",297,C,CCD
2022-05-11 19:43:19.818811+00:00,J,22.44,96,"['@', 'I']",6,C,CCD
2022-05-11 19:44:23.465044695+00:00,Q,22.4,24,"['@', 'F', 'I']",298,C,CCD
2022-05-11 19:45:00.188732739+00:00,Q,22.4,1443,['@'],299,C,CCD
2022-05-11 19:45:00.191806638+00:00,Q,22.41,20,"['@', 'F', 'I']",300,C,CCD
2022-05-11 19:45:00.203000+00:00,D,22.3806,100,['@'],211,C,CCD
2022-05-11 19:45:00.204777+00:00,D,22.425,310,['@'],210,C,CCD
2022-05-11 19:45:09.953555694+00:00,V,22.43,200,['@'],52,C,CCD
2022-05-11 19:45:09.954528+00:00,K,22.43,100,['@'],86,C,CCD
2022-05-11 19:45:09.955050+00:00,K,22.43,100,['@'],87,C,CCD
2022-05-11 19:45:40.872219+00:00,K,22.44,100,['@'],88,C,CCD
2022-05-11 19:45:40.873072888+00:00,Q,22.44,100,['@'],301,C,CCD
2022-05-11 19:48:19.250000+00:00,D,22.4,50,"['@', 'I']",212,C,CCD
2022-05-11 19:49:58.771000+00:00,D,22.4323,130,['@'],213,C,CCD
2022-05-11 19:50:17.859849+00:00,D,22.45,10,"['@', 'I']",5,C,CCD
2022-05-11 19:51:08.289995015+00:00,Q,22.43,10,"['@', 'F', 'I']",302,C,CCD
2022-05-11 19:55:49.820000+00:00,D,22.405,220,['@'],214,C,CCD
2022-05-11 19:56:18.915415+00:00,D,22.405,50,"['@', 'I']",215,C,CCD
2022-05-11 19:58:12.384445936+00:00,D,22.405,445,['@'],216,C,CCD
2022-05-11 19:58:12.393000+00:00,D,22.405,1,"['@', 'I']",217,C,CCD
2022-05-11 19:58:12.395551+00:00,J,22.45,10,"['@', 'I']",7,C,CCD
2022-05-11 19:58:12.396000+00:00,D,22.45,1,"['@', 'I']",218,C,CCD
2022-05-11 19:58:34.550585+00:00,D,22.45,10,"['@', 'I']",219,C,CCD
2022-05-11 19:59:03.424980623+00:00,B,22.42,90,"['@', 'I']",6,C,CCD
2022-05-11 19:59:07.053686204+00:00,Q,22.42,10,"['@', 'I']",303,C,CCD
2022-05-11 19:59:07.053697526+00:00,B,22.42,10,"['@', 'I']",7,C,CCD
2022-05-11 19:59:26.355301+00:00,D,22.375,36,"['@', 'I']",220,C,CCD
2022-05-11 19:59:30.028383+00:00,Y,22.45,3,"['@', 'I']",10,C,CCD
2022-05-11 19:59:30.108831+00:00,D,22.38,50,"['@', 'I']",221,C,CCD
2022-05-11 19:59:35.850792+00:00,D,22.45,10,"['@', 'I']",223,C,CCD
2022-05-11 19:59:35.858206+00:00,D,22.44,20,"['@', 'I']",6,C,CCD
2022-05-11 19:59:52.883031027+00:00,Q,22.38,23,"['@', 'F', 'I']",304,C,CCD
2022-05-11 19:59:54.474567740+00:00,Q,22.38,100,"['@', 'F']",305,C,CCD
2022-05-11 19:59:54.474567740+00:00,Q,22.37,177,"['@', 'F']",306,C,CCD
2022-05-11 19:59:54.475134642+00:00,Q,22.35,100,"['@', 'F']",307,C,CCD
2022-05-11 19:59:54.475594112+00:00,Q,22.37,150,"['@', 'F']",308,C,CCD
2022-05-11 19:59:54.475675078+00:00,Q,22.37,502,"['@', 'F']",309,C,CCD
2022-05-11 19:59:54.605856697+00:00,Q,22.36,100,['@'],310,C,CCD
2022-05-11 19:59:55.052119146+00:00,Q,22.37,100,['@'],311,C,CCD
2022-05-11 19:59:55.260405270+00:00,Q,22.37,100,['@'],312,C,CCD
2022-05-11 19:59:59.002901248+00:00,P,22.32,50,"['@', 'F', 'I']",64,C,CCD
2022-05-11 19:59:59.002918509+00:00,Q,22.36,100,"['@', 'F']",313,C,CCD
2022-05-11 20:00:00.108999424+00:00,P,22.36,100,"['@', 'M']",65,C,CCD
2022-05-11 20:00:00.361867934+00:00,Q,22.4,260,"['@', '6', 'X']",314,C,CCD
2022-05-11 20:00:00.362014177+00:00,Q,22.4,260,"['@', 'M']",315,C,CCD
2022-05-11 20:24:42.051208988+00:00,Q,22.3,5,"['@', 'T', 'I']",316,C,CCD
2022-05-11 20:24:42.051225344+00:00,P,22.3,44,"['@', 'T', 'I']",66,C,CCD
2022-05-11 20:24:42.055884698+00:00,Q,22.26,10,"['@', 'T', 'I']",317,C,CCD
2022-05-11 20:24:42.059881884+00:00,Q,22.25,5,"['@', 'T', 'I']",318,C,CCD
2022-05-11 20:25:43.691673344+00:00,P,22.2,136,"['@', 'F', 'T']",67,C,CCD
2022-05-11 11:31:46.498986+00:00,D,11.32,1,"['C', 'T', 'I']",2,C,CHI
2022-05-11 11:32:11.075083+00:00,D,11.32,1,"['C', 'T', 'I']",1,C,CHI
2022-05-11 13:30:00.670960764+00:00,Q,11.23,5644,"['@', 'O', 'X']",1,C,CHI
2022-05-11 13:30:00.670977900+00:00,Q,11.23,5644,"['@', 'Q']",2,C,CHI
2022-05-11 13:30:00.672003108+00:00,D,11.2,250,['@'],3,C,CHI
2022-05-11 13:30:00.680093849+00:00,D,11.201,1,"['@', 'I']",4,C,CHI
2022-05-11 13:30:01.678312063+00:00,D,11.2,1100,['@'],5,C,CHI
2022-05-11 13:30:01.690350631+00:00,V,11.22,100,['@'],1,C,CHI
2022-05-11 13:30:01.690373576+00:00,Q,11.23,100,['@'],3,C,CHI
2022-05-11 13:30:01.691079740+00:00,V,11.22,400,['@'],2,C,CHI
2022-05-11 13:30:01.691079740+00:00,V,11.21,100,['@'],3,C,CHI
2022-05-11 13:30:01.700311303+00:00,Q,11.2,800,"['@', 'F']",4,C,CHI
2022-05-11 13:30:02.131014+00:00,K,11.21,100,['@'],1,C,CHI
2022-05-11 13:30:02.131015+00:00,J,11.21,100,['@'],1,C,CHI
2022-05-11 13:30:02.131015+00:00,Y,11.21,100,['@'],1,C,CHI
2022-05-11 13:30:02.131017+00:00,Z,11.21,100,['@'],1,C,CHI
2022-05-11 13:30:02.132000+00:00,D,11.3203,100,['@'],7,C,CHI
2022-05-11 13:30:02.133000+00:00,D,11.3203,100,['@'],6,C,CHI
2022-05-11 13:30:02.133000+00:00,D,11.3203,100,['@'],8,C,CHI
2022-05-11 13:30:02.133000+00:00,D,11.3203,100,['@'],14,C,CHI
2022-05-11 13:30:02.134644+00:00,J,11.21,100,['@'],2,C,CHI
2022-05-11 13:30:02.134647+00:00,Y,11.21,100,['@'],2,C,CHI
2022-05-11 13:30:02.135637154+00:00,D,11.2,3800,['@'],9,C,CHI
2022-05-11 13:30:02.136000+00:00,D,11.3203,100,['@'],10,C,CHI
2022-05-11 13:30:02.136000+00:00,D,11.3203,100,['@'],13,C,CHI
2022-05-11 13:30:02.136706969+00:00,Q,11.2,700,"['@', 'F']",5,C,CHI
2022-05-11 13:30:02.136706969+00:00,Q,11.2,2,"['@', 'F', 'I']",6,C,CHI
2022-05-11 13:30:02.137000+00:00,D,11.23,400,['@'],11,C,CHI
2022-05-11 13:30:02.169409288+00:00,D,11.2,100,['@'],12,C,CHI
2022-05-11 13:30:03.451528935+00:00,D,11.23,173,"['@', '4']",15,C,CHI
2022-05-11 13:30:11.173000+00:00,D,11.23,1,"['@', 'I']",1,C,CHI
2022-05-11 13:31:08.892814848+00:00,P,11.22,100,['@'],1,C,CHI
2022-05-11 13:31:08.892814848+00:00,P,11.22,100,"['@', 'Q']",2,C,CHI
2022-05-11 13:31:09.041941248+00:00,P,11.22,100,['@'],3,C,CHI
2022-05-11 13:32:46.404000+00:00,D,11.249,123,['@'],16,C,CHI
2022-05-11 13:35:41.555684714+00:00,D,11.18,2,"['@', 'I']",17,C,CHI
2022-05-11 13:35:41.623484601+00:00,D,11.225,10,"['@', 'I']",18,C,CHI
2022-05-11 13:38:12.137595745+00:00,V,11.18,100,['@'],4,C,CHI
2022-05-11 13:38:12.139000+00:00,D,11.182,100,['@'],2,C,CHI
2022-05-11 13:38:12.140711+00:00,J,11.18,100,['@'],3,C,CHI
2022-05-11 13:38:12.140753+00:00,D,11.17,100,['@'],19,C,CHI
2022-05-11 13:38:12.142000+00:00,D,11.182,100,['@'],3,C,CHI
2022-05-11 13:38:12.142000+00:00,D,11.182,100,['@'],4,C,CHI
2022-05-11 13:38:12.142461568+00:00,Q,11.17,100,"['@', 'F']",7,C,CHI
2022-05-11 13:38:12.143000+00:00,D,11.182,100,['@'],5,C,CHI
2022-05-11 13:38:12.143368520+00:00,V,11.16,100,['@'],5,C,CHI
2022-05-11 13:38:12.144202496+00:00,P,11.17,100,['@'],4,C,CHI
2022-05-11 13:38:12.145000+00:00,D,11.182,100,['@'],6,C,CHI
2022-05-11 13:38:12.146642980+00:00,Q,11.16,10,"['@', 'F', 'I']",8,C,CHI
2022-05-11 13:38:12.148000+00:00,D,11.182,10,"['@', 'I']",7,C,CHI
2022-05-11 13:38:12.150888167+00:00,Q,11.15,100,"['@', 'F']",9,C,CHI
2022-05-11 13:38:12.150888167+00:00,Q,11.15,500,"['@', 'F']",10,C,CHI
2022-05-11 13:38:12.150922240+00:00,P,11.15,1,"['@', 'F', 'I']",5,C,CHI
2022-05-11 13:38:12.152000+00:00,D,11.182,100,['@'],8,C,CHI
2022-05-11 13:38:12.152000+00:00,D,11.182,500,['@'],9,C,CHI
2022-05-11 13:38:12.153000+00:00,D,11.182,1,"['@', 'I']",10,C,CHI
2022-05-11 13:38:12.153738+00:00,K,11.1,89,"['@', 'F', 'I']",2,C,CHI
2022-05-11 13:38:12.155000+00:00,D,11.182,89,"['@', 'I']",11,C,CHI
2022-05-11 13:38:17.237195+00:00,K,11.185,100,['@'],3,C,CHI
2022-05-11 13:39:59.400712447+00:00,D,11.1872,1,"['@', 'I']",12,C,CHI
2022-05-11 13:40:16.727000+00:00,D,11.23,1,"['@', 'I']",20,C,CHI
2022-05-11 13:41:07.093688549+00:00,D,11.1882,2,"['@', 'I']",13,C,CHI
2022-05-11 13:42:00.045991050+00:00,D,11.1882,1,"['@', 'I']",21,C,CHI
2022-05-11 13:42:00.049000+00:00,D,11.1882,1,"['@', 'I']",22,C,CHI
2022-05-11 13:43:33.420496284+00:00,D,11.2,723,['@'],23,C,CHI
2022-05-11 13:44:49.429244870+00:00,V,11.18,100,['@'],6,C,CHI
2022-05-11 13:44:49.429244870+00:00,V,11.16,100,['@'],7,C,CHI
2022-05-11 13:44:49.429244870+00:00,V,11.16,171,['@'],8,C,CHI
2022-05-11 13:45:04.132358172+00:00,D,11.2,200,['@'],24,C,CHI
2022-05-11 13:45:04.132621188+00:00,D,11.2,300,['@'],25,C,CHI
2022-05-11 13:45:32.909573694+00:00,Q,11.2,200,"['@', 'F']",11,C,CHI
2022-05-11 13:46:54.022084649+00:00,D,11.215,18,"['@', 'I']",26,C,CHI
2022-05-11 13:48:20.282000+00:00,D,11.2069,1065,['@'],27,C,CHI
2022-05-11 13:48:21.466545144+00:00,Q,11.24,200,"['@', 'F']",12,C,CHI
2022-05-11 13:48:25.423775744+00:00,P,11.28,200,"['@', 'F']",6,C,CHI
2022-05-11 13:50:57.942000+00:00,D,11.2883,245,['@'],28,C,CHI
2022-05-11 13:52:20.162124+00:00,D,11.31,2,"['@', 'I']",29,C,CHI
2022-05-11 13:52:25.809524065+00:00,D,11.3552,300,['@'],30,C,CHI
2022-05-11 13:53:45.254609048+00:00,D,11.35,200,['@'],31,C,CHI
2022-05-11 13:53:52.948448293+00:00,D,11.27,2,"['@', 'I']",32,C,CHI
2022-05-11 13:53:56.764470+00:00,K,11.35,25,"['@', 'I']",4,C,CHI
2022-05-11 13:53:56.764625+00:00,K,11.36,60,"['@', 'I']",5,C,CHI
2022-05-11 13:53:56.764657+00:00,K,11.36,224,"['@', 'F']",6,C,CHI
2022-05-11 13:53:56.764725+00:00,K,11.36,86,"['@', 'I']",7,C,CHI
2022-05-11 13:53:56.764749+00:00,K,11.36,33,"['@', 'I']",8,C,CHI
2022-05-11 13:53:56.764818+00:00,K,11.36,1500,"['@', 'F']",9,C,CHI
2022-05-11 13:53:56.764884+00:00,K,11.36,140,"['@', 'F']",10,C,CHI
2022-05-11 13:53:56.764921+00:00,K,11.36,800,"['@', 'F']",11,C,CHI
2022-05-11 13:53:56.764937+00:00,K,11.36,17,"['@', 'I']",12,C,CHI
2022-05-11 13:53:56.764953+00:00,K,11.36,1115,"['@', 'F']",13,C,CHI
2022-05-11 13:54:05.467923+00:00,K,11.36,200,"['@', 'F']",14,C,CHI
2022-05-11 13:54:45.529561+00:00,K,11.36,100,"['@', 'F']",15,C,CHI
2022-05-11 13:55:00.122299217+00:00,U,11.37,100,"['@', 'F']",1,C,CHI
2022-05-11 13:55:14.795152111+00:00,Q,11.37,100,"['@', 'F']",13,C,CHI
2022-05-11 13:55:34.278146196+00:00,Q,11.37,100,"['@', 'F']",14,C,CHI
2022-05-11 13:55:46.306000+00:00,D,11.3899,1000,['@'],14,C,CHI
2022-05-11 13:56:08.747754146+00:00,Q,11.35,47,"['@', 'I']",15,C,CHI
2022-05-11 13:56:35.683856321+00:00,D,11.3447,25,"['@', 'I']",33,C,CHI
2022-05-11 13:59:58.288000+00:00,D,11.34,1100,['@'],34,C,CHI
2022-05-11 14:02:05.175946496+00:00,P,11.33,240,"['@', 'F']",7,C,CHI
2022-05-11 14:02:05.175990016+00:00,P,11.33,48,"['@', 'F', 'I']",8,C,CHI
2022-05-11 14:02:05.175996672+00:00,P,11.33,48,"['@', 'F', 'I']",9,C,CHI
2022-05-11 14:02:05.176037888+00:00,P,11.33,664,['@'],10,C,CHI
2022-05-11 14:02:37.400000+00:00,D,11.3129,1,"['@', 'I']",15,C,CHI
2022-05-11 14:02:38.386065+00:00,Z,11.33,1000,"['@', 'F']",2,C,CHI
2022-05-11 14:02:40.561064881+00:00,D,11.3699,489,['@'],35,C,CHI
2022-05-11 14:02:52.476394141+00:00,U,11.32,1,"['@', 'I']",2,C,CHI
2022-05-11 14:03:07.612475+00:00,D,11.315,675,['@'],36,C,CHI
2022-05-11 14:03:23.327466726+00:00,D,11.2801,4900,['@'],37,C,CHI
2022-05-11 14:09:29.101210+00:00,Z,11.34,100,['@'],3,C,CHI
2022-05-11 14:09:29.101266406+00:00,Q,11.34,100,['@'],16,C,CHI
2022-05-11 14:09:29.101282+00:00,D,11.34,100,['@'],38,C,CHI
2022-05-11 14:09:29.101503379+00:00,V,11.34,100,['@'],9,C,CHI
2022-05-11 14:09:29.104000+00:00,D,11.35,1000,['@'],40,C,CHI
2022-05-11 14:09:29.104429688+00:00,D,11.36,3001,['@'],39,C,CHI
2022-05-11 14:10:20.302000+00:00,D,11.31,5,"['@', 'I']",41,C,CHI
2022-05-11 14:11:47.886000+00:00,D,11.305,13,"['@', 'I']",42,C,CHI
2022-05-11 14:12:42.567219733+00:00,D,11.3203,100,['@'],43,C,CHI
2022-05-11 14:15:57.886911+00:00,K,11.33,20,"['@', 'I']",16,C,CHI
2022-05-11 14:16:37.475010070+00:00,D,11.3208,1,"['@', 'I']",16,C,CHI
2022-05-11 14:16:42.403621906+00:00,V,11.33,100,['@'],10,C,CHI
2022-05-11 14:16:42.407000+00:00,D,11.34,300,['@'],44,C,CHI
2022-05-11 14:16:42.419318583+00:00,D,11.339,100,['@'],45,C,CHI
2022-05-11 14:16:42.419884640+00:00,D,11.339,200,['@'],46,C,CHI
2022-05-11 14:16:42.440063107+00:00,D,11.339,100,['@'],47,C,CHI
2022-05-11 14:16:42.440465282+00:00,D,11.339,100,['@'],48,C,CHI
2022-05-11 14:16:42.449880698+00:00,D,11.339,200,['@'],49,C,CHI
2022-05-11 14:16:42.459161381+00:00,D,11.339,200,['@'],50,C,CHI
2022-05-11 14:16:42.469278426+00:00,D,11.339,200,['@'],51,C,CHI
2022-05-11 14:16:42.479516015+00:00,D,11.339,200,['@'],52,C,CHI
2022-05-11 14:16:42.489070052+00:00,D,11.339,200,['@'],53,C,CHI
2022-05-11 14:16:42.498250522+00:00,D,11.339,200,['@'],54,C,CHI
2022-05-11 14:16:42.508180832+00:00,D,11.339,200,['@'],55,C,CHI
2022-05-11 14:16:42.522663+00:00,K,11.34,200,['@'],17,C,CHI
2022-05-11 14:16:42.523101072+00:00,D,11.34,5124,['@'],56,C,CHI
2022-05-11 14:16:45.526749320+00:00,D,11.3,500,['@'],17,C,CHI
2022-05-11 14:18:14.735946066+00:00,Q,11.34,1000,['@'],17,C,CHI
2022-05-11 14:18:31.897715+00:00,Z,11.35,1000,"['@', 'F']",4,C,CHI
2022-05-11 14:18:32.903926090+00:00,D,11.359,100,['@'],57,C,CHI
2022-05-11 14:21:02.730000+00:00,D,11.3648,1,"['@', 'I']",58,C,CHI
2022-05-11 14:21:14.767480543+00:00,D,11.359,200,['@'],59,C,CHI
2022-05-11 14:22:38.792590+00:00,D,11.3201,100,['@'],60,C,CHI
2022-05-11 14:22:40.221894656+00:00,P,11.35,240,"['@', 'F']",11,C,CHI
2022-05-11 14:22:40.221981184+00:00,P,11.35,100,['@'],12,C,CHI
2022-05-11 14:22:54.992915970+00:00,D,11.32,4,"['@', 'I']",61,C,CHI
2022-05-11 14:22:55.319020962+00:00,U,11.35,450,"['@', 'F']",3,C,CHI
2022-05-11 14:22:55.319053246+00:00,U,11.35,210,"['@', 'F']",4,C,CHI
2022-05-11 14:23:44.092000+00:00,D,11.3636,150,['@'],62,C,CHI
2022-05-11 14:23:59.804633059+00:00,D,11.359,100,['@'],63,C,CHI
2022-05-11 14:25:19.030503168+00:00,P,11.34,70,"['@', 'I']",13,C,CHI
2022-05-11 14:25:19.030738432+00:00,P,11.34,223,"['@', 'F']",14,C,CHI
2022-05-11 14:25:19.030784512+00:00,P,11.34,126,['@'],15,C,CHI
2022-05-11 14:25:19.030917632+00:00,P,11.34,450,"['@', 'F']",16,C,CHI
2022-05-11 14:25:19.030942976+00:00,P,11.34,131,"['@', 'F']",17,C,CHI
2022-05-11 14:25:20.042306927+00:00,U,11.34,99,"['@', 'I']",5,C,CHI
2022-05-11 14:25:20.042384610+00:00,U,11.34,26,"['@', 'I']",6,C,CHI
2022-05-11 14:25:20.042496858+00:00,U,11.34,30,"['@', 'F', 'I']",7,C,CHI
2022-05-11 14:25:26.644476857+00:00,D,11.35,125,['@'],64,C,CHI
2022-05-11 14:26:10.418255+00:00,Z,11.34,450,"['@', 'F']",5,C,CHI
2022-05-11 14:26:10.418306+00:00,Z,11.34,79,"['@', 'F', 'I']",6,C,CHI
2022-05-11 14:26:17.474215609+00:00,Q,11.34,192,['@'],18,C,CHI
2022-05-11 14:26:17.474251668+00:00,Q,11.34,124,"['@', 'F']",19,C,CHI
2022-05-11 14:26:52.312000+00:00,D,11.3899,9,"['@', 'I']",18,C,CHI
2022-05-11 14:29:12.087210357+00:00,D,11.3532,100,['@'],65,C,CHI
2022-05-11 14:29:18.321814935+00:00,D,11.33,100,['@'],66,C,CHI
2022-05-11 14:30:59.787088853+00:00,D,11.3583,900,['@'],67,C,CHI
2022-05-11 14:31:31.050000+00:00,D,11.3489,170,['@'],68,C,CHI
2022-05-11 14:31:38.492066+00:00,Y,11.33,100,"['@', 'F']",3,C,CHI
2022-05-11 14:31:38.492137888+00:00,B,11.33,100,"['@', 'F']",1,C,CHI
2022-05-11 14:31:38.492286208+00:00,A,11.33,100,"['@', 'F']",1,C,CHI
2022-05-11 14:31:38.492506177+00:00,V,11.33,92,"['@', 'I']",11,C,CHI
2022-05-11 14:31:38.492521579+00:00,V,11.33,8,"['@', 'I']",12,C,CHI
2022-05-11 14:33:10.873556888+00:00,D,11.32,500,['@'],69,C,CHI
2022-05-11 14:39:05.449399876+00:00,Q,11.35,96,"['@', 'F', 'I']",20,C,CHI
2022-05-11 14:39:18.561742336+00:00,P,11.35,48,"['@', 'F', 'I']",18,C,CHI
2022-05-11 14:39:18.561748224+00:00,P,11.35,48,"['@', 'F', 'I']",19,C,CHI
2022-05-11 14:39:18.561753856+00:00,P,11.35,48,"['@', 'F', 'I']",20,C,CHI
2022-05-11 14:39:20.576140800+00:00,P,11.35,96,"['@', 'F', 'I']",21,C,CHI
2022-05-11 14:39:20.576146944+00:00,P,11.35,55,"['@', 'F', 'I']",22,C,CHI
2022-05-11 14:39:28.665272635+00:00,Q,11.35,30,"['@', 'I']",21,C,CHI
2022-05-11 14:39:28.665302032+00:00,Q,11.35,20,"['@', 'I']",22,C,CHI
2022-05-11 14:39:42.886337286+00:00,D,11.33,100,['@'],70,C,CHI
2022-05-11 14:40:08.078185+00:00,Y,11.38,100,['@'],4,C,CHI
2022-05-11 14:40:08.078454+00:00,J,11.39,100,"['@', 'F']",4,C,CHI
2022-05-11 14:40:08.078781981+00:00,D,11.39,300,['@'],71,C,CHI
2022-05-11 14:40:18.046923075+00:00,D,11.369,100,['@'],72,C,CHI
2022-05-11 14:40:41.919000+00:00,D,11.3679,1500,['@'],73,C,CHI
2022-05-11 14:42:17.243754+00:00,Z,11.38,100,['@'],7,C,CHI
2022-05-11 14:42:18.249190+00:00,Z,11.38,4,"['@', 'I']",8,C,CHI
2022-05-11 14:42:18.249305+00:00,Z,11.38,4,"['@', 'F', 'I']",9,C,CHI
2022-05-11 14:42:18.251447+00:00,Z,11.38,4,"['@', 'I']",10,C,CHI
2022-05-11 14:42:18.251534+00:00,Z,11.38,4,"['@', 'F', 'I']",11,C,CHI
2022-05-11 14:42:18.253113972+00:00,U,11.37,8,"['@', 'I']",8,C,CHI
2022-05-11 14:42:20.269676266+00:00,Q,11.38,100,"['@', 'F']",23,C,CHI
2022-05-11 14:42:20.269835+00:00,Z,11.38,4,"['@', 'I']",12,C,CHI
2022-05-11 14:42:33.386772480+00:00,P,11.38,100,['@'],23,C,CHI
2022-05-11 14:42:39.443331584+00:00,P,11.38,100,['@'],24,C,CHI
2022-05-11 14:42:39.445668864+00:00,P,11.38,100,['@'],25,C,CHI
2022-05-11 14:42:40.451080+00:00,Z,11.38,100,['@'],13,C,CHI
2022-05-11 14:42:41.461961+00:00,Z,11.38,4,"['@', 'I']",14,C,CHI
2022-05-11 14:42:41.462076+00:00,Z,11.38,4,"['@', 'F', 'I']",15,C,CHI
2022-05-11 14:42:41.463153+00:00,Z,11.38,4,"['@', 'F', 'I']",16,C,CHI
2022-05-11 14:42:41.463238+00:00,Z,11.38,4,"['@', 'F', 'I']",17,C,CHI
2022-05-11 14:42:42.465908+00:00,Z,11.38,84,"['@', 'I']",18,C,CHI
2022-05-11 14:42:49.559552+00:00,Z,11.37,100,['@'],19,C,CHI
2022-05-11 14:42:49.560009382+00:00,V,11.37,4,"['@', 'I']",13,C,CHI
2022-05-11 14:42:55.634422+00:00,Z,11.38,100,['@'],20,C,CHI
2022-05-11 14:42:57.653400+00:00,Z,11.38,100,['@'],21,C,CHI
2022-05-11 14:43:37.104975923+00:00,D,11.36,10,"['@', 'I']",74,C,CHI
2022-05-11 14:44:02.946731008+00:00,U,11.37,100,['@'],9,C,CHI
2022-05-11 14:44:23.316059990+00:00,U,11.37,450,"['@', 'F']",10,C,CHI
2022-05-11 14:44:23.316078754+00:00,U,11.37,350,"['@', 'F']",11,C,CHI
2022-05-11 14:44:23.332333815+00:00,Q,11.37,600,"['@', 'F']",24,C,CHI
2022-05-11 14:44:23.332378296+00:00,Q,11.37,400,['@'],25,C,CHI
2022-05-11 14:44:37.520702256+00:00,U,11.37,100,['@'],12,C,CHI
2022-05-11 14:44:37.520805+00:00,Z,11.37,4,"['@', 'F', 'I']",22,C,CHI
2022-05-11 14:44:57.686291884+00:00,U,11.37,100,['@'],13,C,CHI
2022-05-11 14:44:57.686384+00:00,Z,11.37,4,"['@', 'F', 'I']",23,C,CHI
2022-05-11 14:45:02.724513+00:00,Z,11.37,100,['@'],24,C,CHI
2022-05-11 14:45:35.137064+00:00,D,11.3693,1250,['@'],75,C,CHI
2022-05-11 14:47:19.574364672+00:00,P,11.37,270,"['@', 'F']",26,C,CHI
2022-05-11 14:47:19.574598144+00:00,P,11.37,480,"['@', 'F']",27,C,CHI
2022-05-11 14:47:19.574721280+00:00,P,11.37,48,"['@', 'F', 'I']",28,C,CHI
2022-05-11 14:47:19.574736384+00:00,P,11.37,3600,"['@', 'F']",29,C,CHI
2022-05-11 14:47:19.574744320+00:00,P,11.37,450,"['@', 'F']",30,C,CHI
2022-05-11 14:47:19.574754048+00:00,P,11.37,151,"['@', 'F']",31,C,CHI
2022-05-11 14:47:19.574760960+00:00,P,11.37,1350,"['@', 'F']",32,C,CHI
2022-05-11 14:47:19.574774016+00:00,P,11.37,900,"['@', 'F']",33,C,CHI
2022-05-11 14:47:19.574787328+00:00,P,11.37,98,"['@', 'F', 'I']",34,C,CHI
2022-05-11 14:47:19.574788608+00:00,P,11.37,1448,['@'],35,C,CHI
2022-05-11 14:48:45.144387823+00:00,D,11.355,100,['@'],19,C,CHI
2022-05-11 14:51:26.165071459+00:00,D,11.33,2600,['@'],76,C,CHI
2022-05-11 14:51:26.339968+00:00,K,11.33,100,['@'],18,C,CHI
2022-05-11 14:51:26.340060537+00:00,D,11.35,100,['@'],77,C,CHI
2022-05-11 14:51:26.349564876+00:00,D,11.35,100,['@'],20,C,CHI
2022-05-11 14:51:53.603324347+00:00,D,11.3684,3,"['@', 'I']",78,C,CHI
2022-05-11 14:55:09.657000+00:00,D,11.3542,50,"['@', 'I']",79,C,CHI
2022-05-11 14:55:13.747000+00:00,D,11.35,800,['@'],80,C,CHI
2022-05-11 14:55:39.944000+00:00,D,11.35,100,['@'],81,C,CHI
2022-05-11 14:57:02.285000+00:00,D,11.3415,2500,['@'],82,C,CHI
2022-05-11 14:57:11.991650+00:00,D,11.36,100,['@'],83,C,CHI
2022-05-11 14:57:11.991898+00:00,D,11.36,100,['@'],84,C,CHI
2022-05-11 14:57:11.992318+00:00,Z,11.36,100,['@'],25,C,CHI
2022-05-11 14:57:11.992332+00:00,D,11.36,100,['@'],85,C,CHI
2022-05-11 14:57:14.390209+00:00,K,11.37,5,"['@', 'I']",19,C,CHI
2022-05-11 14:58:25.516737964+00:00,D,11.3589,8,"['@', 'I']",86,C,CHI
2022-05-11 14:59:01.861748+00:00,D,11.36,74,"['@', 'I']",1,C,CHI
2022-05-11 15:01:41.703000+00:00,D,11.3401,1750,['@'],87,C,CHI
2022-05-11 15:05:25.420000+00:00,D,11.3376,1000,['@'],88,C,CHI
2022-05-11 15:07:06.522044057+00:00,Q,11.33,500,['@'],26,C,CHI
2022-05-11 15:07:06.522217+00:00,Z,11.33,100,['@'],26,C,CHI
2022-05-11 15:07:06.522217+00:00,Z,11.33,100,['@'],27,C,CHI
2022-05-11 15:07:06.522281984+00:00,P,11.33,100,['@'],36,C,CHI
2022-05-11 15:07:06.525157892+00:00,Q,11.33,5,"['@', 'I']",27,C,CHI
2022-05-11 15:07:12.111000+00:00,D,11.345,1,"['@', 'I']",89,C,CHI
2022-05-11 15:07:52.345888+00:00,K,11.32,200,"['@', 'F']",20,C,CHI
2022-05-11 15:07:52.345888+00:00,K,11.32,15,"['@', 'F', 'I']",21,C,CHI
2022-05-11 15:07:52.346479+00:00,Y,11.31,210,"['@', 'F']",5,C,CHI
2022-05-11 15:07:52.346505+00:00,Y,11.31,75,"['@', 'F', 'I']",6,C,CHI
2022-05-11 15:13:30.446835474+00:00,U,11.35,700,['@'],14,C,CHI
2022-05-11 15:13:30.447334+00:00,K,11.36,100,['@'],22,C,CHI
2022-05-11 15:13:30.447334+00:00,K,11.37,200,['@'],23,C,CHI
2022-05-11 15:14:47.284700+00:00,Z,11.36,100,['@'],28,C,CHI
2022-05-11 15:14:47.284833+00:00,Z,11.36,900,['@'],29,C,CHI
2022-05-11 15:14:47.284960+00:00,K,11.37,195,['@'],24,C,CHI
2022-05-11 15:14:47.284960+00:00,K,11.37,171,['@'],25,C,CHI
2022-05-11 15:14:47.285279309+00:00,Q,11.35,100,['@'],28,C,CHI
2022-05-11 15:14:50.303589405+00:00,Q,11.35,200,['@'],29,C,CHI
2022-05-11 15:15:55.651596388+00:00,Q,11.35,125,['@'],30,C,CHI
2022-05-11 15:16:04.308484829+00:00,H,11.35,78,"['@', 'F', 'I']",1,C,CHI
2022-05-11 15:16:04.316717568+00:00,A,11.35,100,"['@', 'F']",2,C,CHI
2022-05-11 15:16:04.316914699+00:00,H,11.35,22,"['@', 'F', 'I']",2,C,CHI
2022-05-11 15:16:04.317166+00:00,K,11.34,100,['@'],26,C,CHI
2022-05-11 15:16:04.317287+00:00,K,11.34,71,"['@', 'I']",27,C,CHI
2022-05-11 15:16:44.936598+00:00,K,11.33,400,['@'],28,C,CHI
2022-05-11 15:16:44.936937699+00:00,H,11.33,30,"['@', 'F', 'I']",3,C,CHI
2022-05-11 15:16:44.937611038+00:00,H,11.33,30,"['@', 'F', 'I']",4,C,CHI
2022-05-11 15:16:44.937625319+00:00,H,11.33,30,"['@', 'F', 'I']",5,C,CHI
2022-05-11 15:16:44.937631661+00:00,H,11.33,10,"['@', 'F', 'I']",6,C,CHI
2022-05-11 15:19:35.408496121+00:00,D,11.33,7500,['@'],90,C,CHI
2022-05-11 15:20:36.298432995+00:00,D,11.2845,26,"['@', 'I']",91,C,CHI
2022-05-11 15:26:46.739000+00:00,D,11.3189,1000,['@'],92,C,CHI
2022-05-11 15:29:58.194582288+00:00,D,11.339,100,['@'],93,C,CHI
2022-05-11 15:30:44.073000+00:00,D,11.33,278,['@'],96,C,CHI
2022-05-11 15:30:44.074034583+00:00,D,11.28,859,['@'],94,C,CHI
2022-05-11 15:30:44.074137551+00:00,D,11.28,88,"['@', 'I']",95,C,CHI
2022-05-11 15:32:54.673011551+00:00,D,11.329,100,['@'],97,C,CHI
2022-05-11 15:34:24.866295+00:00,K,11.3,100,['@'],29,C,CHI
2022-05-11 15:35:54.469614026+00:00,D,11.353,100,['@'],98,C,CHI
2022-05-11 15:38:52.182778563+00:00,D,11.29,75,"['@', 'I']",99,C,CHI
2022-05-11 15:38:54.661471134+00:00,D,11.359,100,['@'],100,C,CHI
2022-05-11 15:39:05.223000+00:00,D,11.325,125,['@'],101,C,CHI
2022-05-11 15:40:52.945716662+00:00,D,11.349,100,['@'],102,C,CHI
2022-05-11 15:42:10.399000+00:00,D,11.2901,1610,['@'],103,C,CHI
2022-05-11 15:42:28.186518659+00:00,D,11.349,100,['@'],104,C,CHI
2022-05-11 15:43:35.048975816+00:00,D,11.2977,340,['@'],105,C,CHI
2022-05-11 15:44:02.963935953+00:00,D,11.349,100,['@'],106,C,CHI
2022-05-11 15:44:19.722229+00:00,Z,11.36,1000,['@'],30,C,CHI
2022-05-11 15:44:19.722573915+00:00,V,11.36,100,['@'],14,C,CHI
2022-05-11 15:44:19.723000+00:00,D,11.3597,400,['@'],107,C,CHI
2022-05-11 15:44:19.724482842+00:00,Q,11.36,1000,"['@', 'F']",31,C,CHI
2022-05-11 15:44:19.724852+00:00,K,11.37,29,"['@', 'I']",30,C,CHI
2022-05-11 15:44:19.724852+00:00,K,11.37,171,['@'],31,C,CHI
2022-05-11 15:44:19.724992760+00:00,D,11.4,7300,['@'],108,C,CHI
2022-05-11 15:45:29.661985343+00:00,Q,11.39,100,['@'],32,C,CHI
2022-05-11 15:47:00.318046+00:00,D,11.3859,500,['@'],109,C,CHI
2022-05-11 15:47:06.023165173+00:00,D,11.394,100,['@'],110,C,CHI
2022-05-11 15:47:06.740972171+00:00,D,11.34,700,['@'],111,C,CHI
2022-05-11 15:48:30.458000+00:00,D,11.3899,186,['@'],112,C,CHI
2022-05-11 15:48:44.663218343+00:00,V,11.38,100,['@'],15,C,CHI
2022-05-11 15:50:24.663522126+00:00,D,11.399,100,['@'],113,C,CHI
2022-05-11 15:52:11.540000+00:00,D,11.4,181,['@'],115,C,CHI
2022-05-11 15:52:11.540992585+00:00,D,11.409,100,['@'],114,C,CHI
2022-05-11 15:53:10.632542+00:00,K,11.35,100,['@'],32,C,CHI
2022-05-11 15:53:10.632655464+00:00,Q,11.34,100,['@'],33,C,CHI
2022-05-11 15:53:10.632655464+00:00,Q,11.34,20,"['@', 'I']",34,C,CHI
2022-05-11 15:53:10.632655464+00:00,Q,11.34,1,"['@', 'I']",35,C,CHI
2022-05-11 15:53:10.632775284+00:00,D,11.37,100,['@'],116,C,CHI
2022-05-11 15:53:13.645767+00:00,K,11.34,100,['@'],33,C,CHI
2022-05-11 15:53:36.900279+00:00,K,11.34,23,"['@', 'I']",34,C,CHI
2022-05-11 15:53:37.903993+00:00,K,11.34,77,"['@', 'I']",35,C,CHI
2022-05-11 15:54:51.968887005+00:00,Q,11.35,25,"['@', 'I']",36,C,CHI
2022-05-11 15:54:51.968887005+00:00,Q,11.35,75,"['@', 'I']",37,C,CHI
2022-05-11 15:55:17.388552562+00:00,D,11.37,865,['@'],117,C,CHI
2022-05-11 15:56:29.705375259+00:00,Q,11.35,25,"['@', 'I']",38,C,CHI
2022-05-11 15:56:29.705496484+00:00,D,11.365,100,['@'],118,C,CHI
2022-05-11 15:57:09.722807183+00:00,V,11.37,100,['@'],16,C,CHI
2022-05-11 15:57:12.605844+00:00,D,11.38,100,['@'],119,C,CHI
2022-05-11 15:57:12.607721417+00:00,Q,11.38,400,['@'],39,C,CHI
2022-05-11 15:57:13.922758791+00:00,Q,11.38,67,"['@', 'I']",40,C,CHI
2022-05-11 15:57:21.837000+00:00,D,11.301,850,['@'],120,C,CHI
2022-05-11 15:57:35.072753664+00:00,P,11.37,100,['@'],37,C,CHI
2022-05-11 15:59:29.743977+00:00,D,11.37,100,['@'],121,C,CHI
2022-05-11 16:01:09.463538432+00:00,P,11.37,300,['@'],38,C,CHI
2022-05-11 16:01:24.290460+00:00,D,11.3407,300,['@'],21,C,CHI
2022-05-11 16:02:37.444000+00:00,D,11.3599,300,['@'],22,C,CHI
2022-05-11 16:06:44.751166892+00:00,D,11.31,500,['@'],122,C,CHI
2022-05-11 16:07:27.873524655+00:00,D,11.33,4,"['@', 'I']",123,C,CHI
2022-05-11 16:08:34.177000+00:00,D,11.335,500,['@'],23,C,CHI
2022-05-11 16:09:23.465000+00:00,D,11.3411,2,"['@', 'I']",124,C,CHI
2022-05-11 16:09:39.285000+00:00,D,11.3225,500,['@'],125,C,CHI
2022-05-11 16:14:29.808000+00:00,D,11.34,500,['@'],126,C,CHI
2022-05-11 16:16:49.611000+00:00,D,11.335,25,"['@', 'I']",127,C,CHI
2022-05-11 16:16:57.105000+00:00,D,11.36,118,['@'],24,C,CHI
2022-05-11 16:17:48.416594994+00:00,Q,11.31,100,['@'],41,C,CHI
2022-05-11 16:17:48.417611875+00:00,Q,11.31,100,['@'],42,C,CHI
2022-05-11 16:18:21.891000+00:00,D,11.33,500,['@'],129,C,CHI
2022-05-11 16:18:21.892006455+00:00,D,11.3299,500,['@'],128,C,CHI
2022-05-11 16:19:34.105396458+00:00,D,11.28,25,"['@', 'I']",130,C,CHI
2022-05-11 16:19:34.107800+00:00,K,11.28,10,"['@', 'I']",36,C,CHI
2022-05-11 16:19:52.224456157+00:00,D,11.2805,250,['@'],131,C,CHI
2022-05-11 16:22:42.692000+00:00,D,11.3299,1,"['@', 'I']",132,C,CHI
2022-05-11 16:25:31.313243996+00:00,D,11.3184,1,"['@', 'I']",133,C,CHI
2022-05-11 16:29:52.368256238+00:00,Q,11.27,1,"['@', 'F', 'I']",43,C,CHI
2022-05-11 16:29:52.368302336+00:00,P,11.27,399,"['@', 'F']",39,C,CHI
2022-05-11 16:29:52.368364800+00:00,P,11.27,196,['@'],40,C,CHI
2022-05-11 16:29:52.368374784+00:00,P,11.27,405,['@'],41,C,CHI
2022-05-11 16:29:52.370137+00:00,K,11.26,50,"['@', 'I']",37,C,CHI
2022-05-11 16:30:03.154575321+00:00,Q,11.26,100,['@'],45,C,CHI
2022-05-11 16:30:12.222000+00:00,D,11.2505,770,['@'],134,C,CHI
2022-05-11 16:30:34.006450688+00:00,P,11.25,100,['@'],42,C,CHI
2022-05-11 16:37:35.079819+00:00,Y,11.29,100,['@'],7,C,CHI
2022-05-11 16:40:30.605845161+00:00,Q,11.3,100,"['@', 'F']",46,C,CHI
2022-05-11 16:40:30.624205944+00:00,Q,11.33,50,"['@', 'F', 'I']",47,C,CHI
2022-05-11 16:40:30.625000+00:00,D,11.3,50,"['@', 'I']",135,C,CHI
2022-05-11 16:43:23.519000+00:00,D,11.3019,30,"['@', 'I']",136,C,CHI
2022-05-11 16:43:59.784624+00:00,Z,11.3,10,"['@', 'F', 'I']",31,C,CHI
2022-05-11 16:43:59.798262+00:00,Z,11.3,15,"['@', 'I']",32,C,CHI
2022-05-11 16:46:18.543308921+00:00,D,11.295,100,['@'],137,C,CHI
2022-05-11 16:46:18.543581654+00:00,V,11.26,100,['@'],17,C,CHI
2022-05-11 16:46:18.544563177+00:00,V,11.26,1,"['@', 'I']",18,C,CHI
2022-05-11 16:46:18.544563177+00:00,V,11.26,3,"['@', 'I']",19,C,CHI
2022-05-11 16:46:18.567737433+00:00,Q,11.26,100,"['@', 'F']",48,C,CHI
2022-05-11 16:46:18.567737433+00:00,Q,11.26,3,"['@', 'F', 'I']",49,C,CHI
2022-05-11 16:46:18.567737433+00:00,Q,11.26,500,"['@', 'F']",50,C,CHI
2022-05-11 16:46:18.567737433+00:00,Q,11.26,3,"['@', 'F', 'I']",51,C,CHI
2022-05-11 16:46:21.803000+00:00,D,11.26,190,['@'],139,C,CHI
2022-05-11 16:46:21.804000+00:00,D,11.252,190,['@'],138,C,CHI
2022-05-11 16:53:04.060829426+00:00,Q,11.26,100,['@'],52,C,CHI
2022-05-11 16:53:04.094449342+00:00,D,11.275,100,['@'],25,C,CHI
2022-05-11 16:53:24.340213248+00:00,P,11.25,91,"['@', 'F', 'I']",43,C,CHI
2022-05-11 16:53:24.340715+00:00,K,11.24,100,"['@', 'F']",39,C,CHI
2022-05-11 16:53:24.340715+00:00,K,11.24,1,"['@', 'F', 'I']",40,C,CHI
2022-05-11 16:53:24.340882432+00:00,P,11.24,200,"['@', 'F']",44,C,CHI
2022-05-11 16:53:24.340887981+00:00,U,11.24,608,"['@', 'F']",15,C,CHI
2022-05-11 16:53:49.458000+00:00,D,11.2657,2,"['@', 'I']",140,C,CHI
2022-05-11 16:56:15.453866509+00:00,D,11.2417,510,['@'],141,C,CHI
2022-05-11 16:56:15.457533001+00:00,V,11.265,139,['@'],20,C,CHI
2022-05-11 16:57:12.179401385+00:00,V,11.265,100,['@'],21,C,CHI
2022-05-11 16:57:12.179937531+00:00,V,11.265,100,['@'],22,C,CHI
2022-05-11 16:58:28.660445079+00:00,Q,11.24,100,['@'],53,C,CHI
2022-05-11 16:58:28.660479952+00:00,Q,11.24,124,['@'],54,C,CHI
2022-05-11 16:58:28.660517157+00:00,Q,11.24,118,['@'],55,C,CHI
2022-05-11 16:58:28.660595+00:00,K,11.24,25,"['@', 'I']",41,C,CHI
2022-05-11 16:58:28.660622+00:00,K,11.24,91,"['@', 'I']",42,C,CHI
2022-05-11 16:58:28.660661709+00:00,U,11.24,41,"['@', 'I']",16,C,CHI
2022-05-11 16:59:41.129230+00:00,D,11.29,9,"['@', 'I']",142,C,CHI
2022-05-11 17:04:26.075000+00:00,D,11.2602,2020,['@'],143,C,CHI
2022-05-11 17:05:02.647022611+00:00,Q,11.24,24,"['@', 'I']",56,C,CHI
2022-05-11 17:05:02.648210817+00:00,Q,11.24,100,['@'],57,C,CHI
2022-05-11 17:05:02.648342+00:00,K,11.25,10,"['@', 'I']",43,C,CHI
2022-05-11 17:17:14.969476142+00:00,Q,11.27,300,['@'],58,C,CHI
2022-05-11 17:17:14.970014294+00:00,D,11.27,2093,['@'],144,C,CHI
2022-05-11 17:17:16.254412+00:00,D,11.27,1,"['@', 'I']",145,C,CHI
2022-05-11 17:18:58.971653156+00:00,D,11.2437,825,['@'],146,C,CHI
2022-05-11 17:24:48.504288064+00:00,Q,11.27,120,"['@', 'F']",59,C,CHI
2022-05-11 17:24:48.504305821+00:00,Q,11.27,60,"['@', 'F', 'I']",60,C,CHI
2022-05-11 17:24:48.504306383+00:00,Q,11.27,20,"['@', 'F', 'I']",61,C,CHI
2022-05-11 17:30:55.474000+00:00,D,11.2781,1,"['@', 'I']",26,C,CHI
2022-05-11 17:31:19.769102025+00:00,D,11.275,100,['@'],147,C,CHI
2022-05-11 17:31:19.775000+00:00,D,11.26,740,['@'],148,C,CHI
2022-05-11 17:33:03.611426423+00:00,D,11.2868,550,['@'],149,C,CHI
2022-05-11 17:37:27.630465308+00:00,D,11.275,1,"['@', 'I']",27,C,CHI
2022-05-11 17:37:38.199000+00:00,D,11.28,5,"['@', 'I']",150,C,CHI
2022-05-11 17:40:05.429692+00:00,K,11.28,120,"['@', 'F']",44,C,CHI
2022-05-11 17:40:05.429726+00:00,K,11.28,30,"['@', 'F', 'I']",45,C,CHI
2022-05-11 17:40:05.429740+00:00,K,11.28,7,"['@', 'F', 'I']",46,C,CHI
2022-05-11 17:40:05.429753+00:00,K,11.28,30,"['@', 'F', 'I']",47,C,CHI
2022-05-11 17:40:05.429801+00:00,K,11.28,80,"['@', 'I']",48,C,CHI
2022-05-11 17:40:05.429932+00:00,K,11.28,347,['@'],49,C,CHI
2022-05-11 17:40:05.430046+00:00,K,11.28,286,"['@', 'F']",50,C,CHI
2022-05-11 17:40:39.365511+00:00,K,11.27,5,"['@', 'F', 'I']",51,C,CHI
2022-05-11 17:41:58.214000+00:00,D,11.2799,2428,['@'],151,C,CHI
2022-05-11 17:44:14.928000+00:00,D,11.271,2000,['@'],152,C,CHI
2022-05-11 17:44:34.989000+00:00,D,11.265,500,['@'],153,C,CHI
2022-05-11 17:47:31.615633232+00:00,H,11.25,200,"['@', 'F']",7,C,CHI
2022-05-11 17:47:31.615646663+00:00,U,11.25,44,"['@', 'F', 'I']",17,C,CHI
2022-05-11 17:47:31.615667+00:00,Y,11.25,100,"['@', 'F']",8,C,CHI
2022-05-11 17:47:31.615673+00:00,K,11.25,5,"['@', 'F', 'I']",52,C,CHI
2022-05-11 17:47:31.615673+00:00,K,11.25,595,"['@', 'F']",53,C,CHI
2022-05-11 17:47:31.615783007+00:00,D,11.265,100,['@'],154,C,CHI
2022-05-11 17:57:12.079334+00:00,D,11.28,100,['@'],155,C,CHI
2022-05-11 17:57:12.079621+00:00,K,11.27,100,['@'],54,C,CHI
2022-05-11 17:57:12.080102+00:00,K,11.27,200,['@'],55,C,CHI
2022-05-11 17:57:37.177447276+00:00,Q,11.28,9,"['@', 'I']",62,C,CHI
2022-05-11 18:01:03.011947919+00:00,Q,11.28,291,"['@', 'F']",63,C,CHI
2022-05-11 18:01:03.011947919+00:00,Q,11.28,100,"['@', 'F']",64,C,CHI
2022-05-11 18:01:03.013000+00:00,D,11.27,100,['@'],28,C,CHI
2022-05-11 18:01:11.460368893+00:00,Q,11.28,300,['@'],65,C,CHI
2022-05-11 18:02:00.298643955+00:00,U,11.28,87,"['@', 'I']",18,C,CHI
2022-05-11 18:02:00.298782014+00:00,U,11.28,913,"['@', 'F']",19,C,CHI
2022-05-11 18:02:02.314262456+00:00,Q,11.28,1000,"['@', 'F']",66,C,CHI
2022-05-11 18:02:30.787728+00:00,Z,11.29,100,"['@', 'F']",33,C,CHI
2022-05-11 18:02:31.278695352+00:00,Q,11.29,2,"['@', 'F', 'I']",67,C,CHI
2022-05-11 18:02:31.278729+00:00,Z,11.29,900,"['@', 'F']",34,C,CHI
2022-05-11 18:02:31.282119343+00:00,Q,11.29,900,"['@', 'F']",68,C,CHI
2022-05-11 18:02:31.282125572+00:00,Q,11.29,100,"['@', 'F']",69,C,CHI
2022-05-11 18:02:32.439997486+00:00,Q,11.29,100,"['@', 'F']",70,C,CHI
2022-05-11 18:02:32.439998+00:00,Z,11.29,100,"['@', 'F']",35,C,CHI
2022-05-11 18:02:35.986000+00:00,D,11.27,207,['@'],156,C,CHI
2022-05-11 18:03:14.553233083+00:00,D,11.251,478,['@'],157,C,CHI
2022-05-11 18:03:36.182841088+00:00,P,11.29,200,"['@', 'F']",45,C,CHI
2022-05-11 18:04:14.280606+00:00,Z,11.28,450,"['@', 'F']",36,C,CHI
2022-05-11 18:04:15.360218571+00:00,Q,11.28,150,"['@', 'F']",71,C,CHI
2022-05-11 18:04:15.361481414+00:00,U,11.28,518,"['@', 'F']",20,C,CHI
2022-05-11 18:04:15.361658358+00:00,U,11.28,482,"['@', 'F']",21,C,CHI
2022-05-11 18:08:52.921000+00:00,D,11.2843,25,"['@', 'I']",158,C,CHI
2022-05-11 18:12:39.176677365+00:00,D,11.26,300,['@'],159,C,CHI
2022-05-11 18:14:04.234420+00:00,Z,11.3,1000,['@'],37,C,CHI
2022-05-11 18:14:04.235127+00:00,D,11.2958,347,['@'],29,C,CHI
2022-05-11 18:14:04.235182+00:00,D,11.2958,653,['@'],30,C,CHI
2022-05-11 18:14:04.235506+00:00,D,11.2886,327,['@'],31,C,CHI
2022-05-11 18:14:32.312000+00:00,D,11.2782,950,['@'],160,C,CHI
2022-05-11 18:18:34.112050774+00:00,D,11.28,81,"['@', 'I']",161,C,CHI
2022-05-11 18:20:50.237000+00:00,D,11.28,1,"['@', 'I']",162,C,CHI
2022-05-11 18:21:34.049000+00:00,D,11.28,309,['@'],163,C,CHI
2022-05-11 18:25:41.101852+00:00,Z,11.3,100,['@'],38,C,CHI
2022-05-11 18:25:41.101990+00:00,Z,11.3,100,['@'],39,C,CHI
2022-05-11 18:25:41.102037+00:00,Z,11.3,100,['@'],40,C,CHI
2022-05-11 18:25:46.751666+00:00,Z,11.3,100,['@'],41,C,CHI
2022-05-11 18:25:46.751814+00:00,Z,11.3,100,['@'],42,C,CHI
2022-05-11 18:25:46.751938+00:00,Z,11.3,538,['@'],43,C,CHI
2022-05-11 18:25:46.751971+00:00,Z,11.3,62,"['@', 'I']",44,C,CHI
2022-05-11 18:32:41.237857+00:00,K,11.28,100,['@'],56,C,CHI
2022-05-11 18:32:41.237871320+00:00,Q,11.28,287,['@'],72,C,CHI
2022-05-11 18:32:41.238136719+00:00,Q,11.28,363,['@'],73,C,CHI
2022-05-11 18:33:05.443000+00:00,D,11.31,400,['@'],164,C,CHI
2022-05-11 18:34:13.166814720+00:00,P,11.31,1000,['@'],46,C,CHI
2022-05-11 18:34:13.166814720+00:00,P,11.31,900,['@'],47,C,CHI
2022-05-11 18:34:13.197834875+00:00,Q,11.32,1000,['@'],74,C,CHI
2022-05-11 18:34:13.228557345+00:00,U,11.32,1000,['@'],22,C,CHI
2022-05-11 18:34:13.260089852+00:00,U,11.32,600,['@'],23,C,CHI
2022-05-11 18:34:13.261010+00:00,D,11.295,500,['@'],165,C,CHI
2022-05-11 18:36:16.587000+00:00,D,11.3269,250,['@'],166,C,CHI
2022-05-11 18:39:48.871615+00:00,D,11.33,100,['@'],167,C,CHI
2022-05-11 18:40:48.947527813+00:00,Q,11.33,50,"['@', 'F', 'I']",75,C,CHI
2022-05-11 18:41:23.778255493+00:00,Q,11.33,350,"['@', 'F']",76,C,CHI
2022-05-11 18:42:48.815156024+00:00,D,11.3105,1066,['@'],168,C,CHI
2022-05-11 18:45:20.817616+00:00,K,11.34,48,"['@', 'F', 'I']",57,C,CHI
2022-05-11 18:45:20.817646+00:00,K,11.34,48,"['@', 'F', 'I']",58,C,CHI
2022-05-11 18:45:20.817661+00:00,K,11.34,4,"['@', 'F', 'I']",59,C,CHI
2022-05-11 18:45:20.817722663+00:00,Q,11.34,100,"['@', 'F']",77,C,CHI
2022-05-11 18:45:20.817883+00:00,K,11.34,52,"['@', 'F', 'I']",60,C,CHI
2022-05-11 18:45:20.817948+00:00,K,11.34,48,"['@', 'I']",61,C,CHI
2022-05-11 18:45:20.818275928+00:00,Q,11.34,100,['@'],78,C,CHI
2022-05-11 18:45:20.818527232+00:00,P,11.35,60,"['@', 'F', 'I']",48,C,CHI
2022-05-11 18:45:20.818536704+00:00,P,11.35,30,"['@', 'F', 'I']",49,C,CHI
2022-05-11 18:45:45.570000+00:00,D,11.3485,100,['@'],169,C,CHI
2022-05-11 18:45:45.571128+00:00,K,11.335,100,['@'],62,C,CHI
2022-05-11 18:45:45.625654784+00:00,P,11.35,310,"['@', 'F']",50,C,CHI
2022-05-11 18:45:45.626959585+00:00,Q,11.35,100,"['@', 'F']",79,C,CHI
2022-05-11 18:45:45.628760320+00:00,P,11.36,1000,['@'],51,C,CHI
2022-05-11 18:45:45.630932992+00:00,P,11.36,490,['@'],52,C,CHI
2022-05-11 18:48:03.101287258+00:00,Q,11.33,100,['@'],80,C,CHI
2022-05-11 18:48:16.605639868+00:00,D,11.33,291,['@'],170,C,CHI
2022-05-11 18:49:18.683857851+00:00,Q,11.33,25,"['@', 'I']",81,C,CHI
2022-05-11 18:49:18.683937581+00:00,Q,11.33,100,['@'],82,C,CHI
2022-05-11 18:49:18.683973927+00:00,Q,11.33,75,"['@', 'I']",83,C,CHI
2022-05-11 18:50:35.014671819+00:00,Q,11.32,21,"['@', 'I']",84,C,CHI
2022-05-11 18:50:35.071924+00:00,K,11.32,100,['@'],63,C,CHI
2022-05-11 18:50:39.124000+00:00,D,11.3224,100,['@'],171,C,CHI
2022-05-11 18:51:13.582000+00:00,D,11.3191,390,['@'],172,C,CHI
2022-05-11 18:52:06.708000+00:00,D,11.3227,475,['@'],173,C,CHI
2022-05-11 18:52:35.219000+00:00,D,11.3217,469,['@'],174,C,CHI
2022-05-11 18:54:40.894893056+00:00,P,11.32,4,"['@', 'F', 'I']",53,C,CHI
2022-05-11 18:55:42.183509604+00:00,D,11.32,203,['@'],175,C,CHI
2022-05-11 18:55:42.721046+00:00,D,11.32,1,"['@', 'I']",176,C,CHI
2022-05-11 18:55:52.479310+00:00,D,11.33,100,['@'],177,C,CHI
2022-05-11 18:55:52.479745584+00:00,D,11.3299,100,['@'],178,C,CHI
2022-05-11 18:55:52.480929+00:00,K,11.33,100,['@'],64,C,CHI
2022-05-11 18:55:52.480953+00:00,J,11.33,100,['@'],5,C,CHI
2022-05-11 18:55:52.481028030+00:00,Q,11.33,100,['@'],85,C,CHI
2022-05-11 18:55:52.481358605+00:00,D,11.3299,100,['@'],179,C,CHI
2022-05-11 18:55:52.481497039+00:00,D,11.3299,100,['@'],180,C,CHI
2022-05-11 18:55:52.481621349+00:00,D,11.3299,100,['@'],181,C,CHI
2022-05-11 18:55:52.488320383+00:00,Q,11.33,100,['@'],86,C,CHI
2022-05-11 18:55:52.488859822+00:00,D,11.3299,100,['@'],182,C,CHI
2022-05-11 18:55:52.494000+00:00,D,11.36,1803,['@'],184,C,CHI
2022-05-11 18:55:52.494768463+00:00,D,11.3299,1803,['@'],183,C,CHI
2022-05-11 18:55:52.499000+00:00,D,11.36,314,['@'],186,C,CHI
2022-05-11 18:55:52.500180+00:00,D,11.3299,314,['@'],185,C,CHI
2022-05-11 18:55:52.502000+00:00,D,11.36,161,['@'],189,C,CHI
2022-05-11 18:55:52.502784974+00:00,D,11.3299,161,['@'],187,C,CHI
2022-05-11 18:55:52.502966500+00:00,D,11.3299,1672,['@'],188,C,CHI
2022-05-11 18:57:14.405041+00:00,K,11.335,100,['@'],65,C,CHI
2022-05-11 18:57:14.405547+00:00,K,11.335,100,['@'],66,C,CHI
2022-05-11 18:57:14.406909+00:00,D,11.35,100,['@'],190,C,CHI
2022-05-11 18:57:14.409176621+00:00,Q,11.35,200,['@'],87,C,CHI
2022-05-11 18:57:16.013070521+00:00,Q,11.35,67,"['@', 'I']",88,C,CHI
2022-05-11 18:57:57.121000+00:00,D,11.3393,500,['@'],191,C,CHI
2022-05-11 19:00:35.397307+00:00,K,11.33,100,['@'],67,C,CHI
2022-05-11 19:01:05.398929+00:00,K,11.33,100,['@'],68,C,CHI
2022-05-11 19:01:21.010000+00:00,D,11.3299,148,['@'],192,C,CHI
2022-05-11 19:01:38.325750379+00:00,D,11.32,100,['@'],193,C,CHI
2022-05-11 19:01:44.760181461+00:00,D,11.32,100,['@'],194,C,CHI
2022-05-11 19:01:46.401032+00:00,K,11.325,100,['@'],69,C,CHI
2022-05-11 19:01:46.401680802+00:00,Q,11.325,100,['@'],89,C,CHI
2022-05-11 19:02:06.789201744+00:00,D,11.32,100,['@'],195,C,CHI
2022-05-11 19:02:14.433870100+00:00,D,11.32,100,['@'],196,C,CHI
2022-05-11 19:02:22.556118033+00:00,D,11.32,100,['@'],197,C,CHI
2022-05-11 19:02:37.475263312+00:00,D,11.32,100,['@'],198,C,CHI
