timestamp,exchange,price,size,conditions,id,tape,symbol
2022-05-05 11:08:03.436787968+00:00,P,25.29,4,"['@', 'T', 'I']",1,C,CCD
2022-05-05 11:31:58.179251+00:00,D,25.3,1,"['C', 'T', 'I']",1,C,CCD
2022-05-05 13:30:00.252334149+00:00,Q,25.15,1748,"['@', 'O', 'X']",1,C,CCD
2022-05-05 13:30:00.252360102+00:00,Q,25.15,1748,"['@', 'Q']",2,C,CCD
2022-05-05 13:31:39.125272138+00:00,D,25.27,1,"['@', 'I']",2,C,CCD
2022-05-05 13:32:45.014437+00:00,K,25.15,1,"['@', 'I']",1,C,CCD
2022-05-05 13:33:55.013073152+00:00,P,25.1,200,['@'],2,C,CCD
2022-05-05 13:33:55.013073152+00:00,P,25.1,200,"['@', 'Q']",3,C,CCD
2022-05-05 13:33:55.013136384+00:00,P,25.1,2,"['@', 'F', 'I']",4,C,CCD
2022-05-05 13:33:55.013256192+00:00,P,25.1,2,"['@', 'F', 'I']",5,C,CCD
2022-05-05 13:33:55.013309440+00:00,P,25.1,2,"['@', 'F', 'I']",6,C,CCD
2022-05-05 13:33:55.013362432+00:00,P,25.1,2,"['@', 'F', 'I']",7,C,CCD
2022-05-05 13:33:55.013417472+00:00,P,25.1,2,"['@', 'F', 'I']",8,C,CCD
2022-05-05 13:33:55.013470464+00:00,P,25.1,2,"['@', 'F', 'I']",9,C,CCD
2022-05-05 13:33:55.013530112+00:00,P,25.1,2,"['@', 'F', 'I']",10,C,CCD
2022-05-05 13:33:55.013586432+00:00,P,25.1,2,"['@', 'F', 'I']",11,C,CCD
2022-05-05 13:33:55.013640960+00:00,P,25.1,2,"['@', 'F', 'I']",12,C,CCD
2022-05-05 13:33:55.013694464+00:00,P,25.1,2,"['@', 'F', 'I']",13,C,CCD
2022-05-05 13:33:55.013748480+00:00,P,25.1,2,"['@', 'F', 'I']",14,C,CCD
2022-05-05 13:33:55.013802752+00:00,P,25.1,2,"['@', 'F', 'I']",15,C,CCD
2022-05-05 13:33:55.013853184+00:00,P,25.1,2,"['@', 'F', 'I']",16,C,CCD
2022-05-05 13:33:55.013904128+00:00,P,25.1,2,"['@', 'F', 'I']",17,C,CCD
2022-05-05 13:33:55.013954560+00:00,P,25.1,2,"['@', 'F', 'I']",18,C,CCD
2022-05-05 13:33:55.014006272+00:00,P,25.1,2,"['@', 'F', 'I']",19,C,CCD
2022-05-05 13:33:55.014057728+00:00,P,25.1,2,"['@', 'F', 'I']",20,C,CCD
2022-05-05 13:33:55.014113536+00:00,P,25.1,2,"['@', 'F', 'I']",21,C,CCD
2022-05-05 13:33:55.014166016+00:00,P,25.1,2,"['@', 'F', 'I']",22,C,CCD
2022-05-05 13:33:55.014217472+00:00,P,25.1,2,"['@', 'F', 'I']",23,C,CCD
2022-05-05 13:33:55.014268672+00:00,P,25.1,2,"['@', 'F', 'I']",24,C,CCD
2022-05-05 13:33:55.014321408+00:00,P,25.1,2,"['@', 'F', 'I']",25,C,CCD
2022-05-05 13:33:55.014374144+00:00,P,25.1,2,"['@', 'F', 'I']",26,C,CCD
2022-05-05 13:33:55.014426880+00:00,P,25.1,2,"['@', 'F', 'I']",27,C,CCD
2022-05-05 13:33:55.014480128+00:00,P,25.1,2,"['@', 'F', 'I']",28,C,CCD
2022-05-05 13:33:55.014532608+00:00,P,25.1,2,"['@', 'F', 'I']",29,C,CCD
2022-05-05 13:33:55.014585600+00:00,P,25.1,2,"['@', 'F', 'I']",30,C,CCD
2022-05-05 13:33:55.014637824+00:00,P,25.1,2,"['@', 'F', 'I']",31,C,CCD
2022-05-05 13:33:55.014690048+00:00,P,25.1,2,"['@', 'F', 'I']",32,C,CCD
2022-05-05 13:33:55.014741760+00:00,P,25.1,2,"['@', 'F', 'I']",33,C,CCD
2022-05-05 13:33:55.014793728+00:00,P,25.1,2,"['@', 'F', 'I']",34,C,CCD
2022-05-05 13:33:55.014845696+00:00,P,25.1,2,"['@', 'F', 'I']",35,C,CCD
2022-05-05 13:33:55.014896896+00:00,P,25.1,2,"['@', 'F', 'I']",36,C,CCD
2022-05-05 13:33:55.014948864+00:00,P,25.1,2,"['@', 'F', 'I']",37,C,CCD
2022-05-05 13:33:55.014999552+00:00,P,25.1,2,"['@', 'F', 'I']",38,C,CCD
2022-05-05 13:33:55.015050240+00:00,P,25.1,2,"['@', 'F', 'I']",39,C,CCD
2022-05-05 13:33:55.015101440+00:00,P,25.1,2,"['@', 'F', 'I']",40,C,CCD
2022-05-05 13:33:55.015154176+00:00,P,25.1,2,"['@', 'F', 'I']",41,C,CCD
2022-05-05 13:33:55.015205376+00:00,P,25.1,2,"['@', 'F', 'I']",42,C,CCD
2022-05-05 13:33:55.015258624+00:00,P,25.1,2,"['@', 'F', 'I']",43,C,CCD
2022-05-05 13:33:55.015310848+00:00,P,25.1,2,"['@', 'F', 'I']",44,C,CCD
2022-05-05 13:33:55.015365120+00:00,P,25.1,2,"['@', 'F', 'I']",45,C,CCD
2022-05-05 13:33:55.015424256+00:00,P,25.1,2,"['@', 'F', 'I']",46,C,CCD
2022-05-05 13:33:55.015474688+00:00,P,25.1,2,"['@', 'F', 'I']",47,C,CCD
2022-05-05 13:33:55.015527680+00:00,P,25.1,2,"['@', 'F', 'I']",48,C,CCD
2022-05-05 13:33:55.015578368+00:00,P,25.1,2,"['@', 'F', 'I']",49,C,CCD
2022-05-05 13:33:55.015629056+00:00,P,25.1,2,"['@', 'F', 'I']",50,C,CCD
2022-05-05 13:33:55.015680+00:00,P,25.1,2,"['@', 'F', 'I']",51,C,CCD
2022-05-05 13:33:55.015732736+00:00,P,25.1,2,"['@', 'F', 'I']",52,C,CCD
2022-05-05 13:33:55.015783424+00:00,P,25.1,2,"['@', 'F', 'I']",53,C,CCD
2022-05-05 13:33:55.015834368+00:00,P,25.1,2,"['@', 'F', 'I']",54,C,CCD
2022-05-05 13:33:55.015887104+00:00,P,25.1,2,"['@', 'F', 'I']",55,C,CCD
2022-05-05 13:33:55.015937280+00:00,P,25.1,2,"['@', 'F', 'I']",56,C,CCD
2022-05-05 13:33:55.015988992+00:00,P,25.1,2,"['@', 'F', 'I']",57,C,CCD
2022-05-05 13:33:55.016042496+00:00,P,25.1,2,"['@', 'F', 'I']",58,C,CCD
2022-05-05 13:33:55.016094720+00:00,P,25.1,2,"['@', 'F', 'I']",59,C,CCD
2022-05-05 13:33:59.937311232+00:00,P,25.1,200,['@'],60,C,CCD
2022-05-05 13:34:05.948238848+00:00,P,25.1,100,['@'],61,C,CCD
2022-05-05 13:34:29.653043968+00:00,P,25.1,200,['@'],62,C,CCD
2022-05-05 13:34:36.136061440+00:00,P,25.1,100,['@'],63,C,CCD
2022-05-05 13:34:46.159912192+00:00,P,25.1,88,"['@', 'I']",64,C,CCD
2022-05-05 13:36:23.827980183+00:00,D,25.205,1,"['@', 'I']",3,C,CCD
2022-05-05 13:40:13.021000+00:00,D,25.2899,1,"['@', 'I']",4,C,CCD
2022-05-05 13:43:02.554000+00:00,D,25.2208,15,"['@', 'I']",5,C,CCD
2022-05-05 13:43:28.791659136+00:00,D,25.16,4,"['@', 'I']",6,C,CCD
2022-05-05 13:43:48.646908181+00:00,Q,25.15,100,['@'],3,C,CCD
2022-05-05 13:43:48.647239+00:00,K,25.15,3,"['@', 'I']",2,C,CCD
2022-05-05 13:44:15.181093070+00:00,D,25.165,1,"['@', 'I']",7,C,CCD
2022-05-05 13:44:15.182000+00:00,D,25.165,1,"['@', 'I']",8,C,CCD
2022-05-05 13:45:05.126000+00:00,D,25.29,1,"['@', 'I']",9,C,CCD
2022-05-05 13:52:57.988652+00:00,D,25.27,50,"['@', 'I']",10,C,CCD
2022-05-05 13:52:57.988941+00:00,D,25.26,100,['@'],11,C,CCD
2022-05-05 13:54:30.124442+00:00,D,25.195,300,['@'],12,C,CCD
2022-05-05 13:54:30.126584786+00:00,U,25.1,100,"['@', 'F']",1,C,CCD
2022-05-05 13:57:04.424000+00:00,D,25.1137,1000,['@'],13,C,CCD
2022-05-05 13:57:04.427547438+00:00,Q,25.06,100,"['@', 'F']",4,C,CCD
2022-05-05 13:57:04.427626724+00:00,Q,25.06,92,"['@', 'I']",5,C,CCD
2022-05-05 13:57:04.427626724+00:00,Q,25.03,39,"['@', 'I']",6,C,CCD
2022-05-05 13:57:30.103968576+00:00,D,25.08,100,['@'],1,C,CCD
2022-05-05 13:59:22.858995305+00:00,H,25.1,20,"['@', 'F', 'I']",1,C,CCD
2022-05-05 13:59:33.443149510+00:00,Q,25.09,16,"['@', 'F', 'I']",7,C,CCD
2022-05-05 13:59:33.443187090+00:00,Q,25.09,16,"['@', 'F', 'I']",8,C,CCD
2022-05-05 13:59:34.468197820+00:00,H,25.09,100,"['@', 'F']",2,C,CCD
2022-05-05 13:59:34.472702327+00:00,U,25.09,100,"['@', 'F']",2,C,CCD
2022-05-05 13:59:34.560016282+00:00,Q,25.1,100,"['@', 'F']",9,C,CCD
2022-05-05 13:59:34.560054295+00:00,Q,25.1,2,"['@', 'F', 'I']",10,C,CCD
2022-05-05 13:59:34.560105070+00:00,Q,25.1,2,"['@', 'F', 'I']",11,C,CCD
2022-05-05 13:59:34.560140884+00:00,Q,25.1,2,"['@', 'F', 'I']",12,C,CCD
2022-05-05 13:59:34.560175628+00:00,Q,25.1,2,"['@', 'F', 'I']",13,C,CCD
2022-05-05 13:59:34.560210229+00:00,Q,25.1,2,"['@', 'F', 'I']",14,C,CCD
2022-05-05 13:59:34.560244985+00:00,Q,25.1,2,"['@', 'F', 'I']",15,C,CCD
2022-05-05 13:59:34.560281099+00:00,Q,25.1,2,"['@', 'F', 'I']",16,C,CCD
2022-05-05 13:59:34.560315603+00:00,Q,25.1,2,"['@', 'F', 'I']",17,C,CCD
2022-05-05 13:59:34.560350298+00:00,Q,25.1,2,"['@', 'F', 'I']",18,C,CCD
2022-05-05 13:59:34.651075807+00:00,Q,25.1,80,"['@', 'F', 'I']",19,C,CCD
2022-05-05 13:59:34.651075807+00:00,Q,25.1,20,"['@', 'F', 'I']",20,C,CCD
2022-05-05 14:00:47.528045554+00:00,Q,25.09,100,['@'],21,C,CCD
2022-05-05 14:00:47.528130286+00:00,Q,25.09,168,['@'],22,C,CCD
2022-05-05 14:00:47.528207+00:00,K,25.09,200,['@'],3,C,CCD
2022-05-05 14:00:47.528215545+00:00,U,25.09,59,"['@', 'I']",3,C,CCD
2022-05-05 14:00:47.528273679+00:00,U,25.09,41,"['@', 'I']",4,C,CCD
2022-05-05 14:00:47.529320848+00:00,X,25.09,72,"['@', 'F', 'I']",1,C,CCD
2022-05-05 14:00:47.529346879+00:00,X,25.09,28,"['@', 'F', 'I']",2,C,CCD
2022-05-05 14:00:47.533219297+00:00,U,25.03,100,"['@', 'F']",5,C,CCD
2022-05-05 14:00:47.533386080+00:00,X,25.03,5,"['@', 'F', 'I']",3,C,CCD
2022-05-05 14:03:27.838545716+00:00,X,25.0,100,"['@', 'F']",4,C,CCD
2022-05-05 14:03:29.870697+00:00,J,24.97,100,"['@', 'F']",1,C,CCD
2022-05-05 14:03:29.870902787+00:00,D,25.0,12,"['@', 'I']",14,C,CCD
2022-05-05 14:03:29.880864+00:00,J,24.95,100,"['@', 'F']",2,C,CCD
2022-05-05 14:03:29.891138324+00:00,Q,25.0,5,"['@', 'F', 'I']",23,C,CCD
2022-05-05 14:03:29.891138324+00:00,Q,24.95,95,"['@', 'F', 'I']",24,C,CCD
2022-05-05 14:03:29.891335+00:00,D,25.04,100,['@'],15,C,CCD
2022-05-05 14:03:29.891623797+00:00,V,25.04,100,['@'],1,C,CCD
2022-05-05 14:03:29.903447155+00:00,B,24.95,100,"['@', 'F']",1,C,CCD
2022-05-05 14:07:30.085044344+00:00,Q,24.96,100,['@'],25,C,CCD
2022-05-05 14:07:59.673888503+00:00,D,24.9735,50,"['@', 'I']",16,C,CCD
2022-05-05 14:09:05.410374+00:00,K,25.0,100,['@'],4,C,CCD
2022-05-05 14:09:05.410483+00:00,K,25.0,100,"['@', 'F']",5,C,CCD
2022-05-05 14:10:34.984020292+00:00,Q,25.07,1000,"['@', 'F']",26,C,CCD
2022-05-05 14:10:34.984020292+00:00,Q,25.09,100,"['@', 'F']",27,C,CCD
2022-05-05 14:10:34.984020292+00:00,Q,25.12,95,"['@', 'F', 'I']",28,C,CCD
2022-05-05 14:10:34.984146719+00:00,Q,25.12,100,['@'],29,C,CCD
2022-05-05 14:10:34.984250880+00:00,N,25.09,100,['@'],1,C,CCD
2022-05-05 14:10:34.984508624+00:00,V,25.095,100,['@'],2,C,CCD
2022-05-05 14:10:34.985035+00:00,K,25.12,114,['@'],6,C,CCD
2022-05-05 14:10:34.985057+00:00,K,25.12,36,"['@', 'F', 'I']",7,C,CCD
2022-05-05 14:10:34.985388031+00:00,Q,25.13,242,"['@', 'F']",30,C,CCD
2022-05-05 14:10:34.985388031+00:00,Q,25.13,242,"['@', 'F']",31,C,CCD
2022-05-05 14:10:34.985388031+00:00,Q,25.13,4,"['@', 'F', 'I']",32,C,CCD
2022-05-05 14:10:34.985442888+00:00,Q,25.12,4,"['@', 'F', 'I']",33,C,CCD
2022-05-05 14:10:34.985493+00:00,K,25.13,242,"['@', 'F']",8,C,CCD
2022-05-05 14:10:34.985505+00:00,Z,25.13,84,"['@', 'I']",1,C,CCD
2022-05-05 14:10:34.985592+00:00,Z,25.13,158,['@'],2,C,CCD
2022-05-05 14:10:34.985694976+00:00,P,25.13,242,['@'],65,C,CCD
2022-05-05 14:10:34.988802463+00:00,Q,25.12,100,"['@', 'F']",34,C,CCD
2022-05-05 14:10:34.988802463+00:00,Q,25.12,100,"['@', 'F']",35,C,CCD
2022-05-05 14:13:00.849250119+00:00,D,25.145,1,"['@', 'I']",17,C,CCD
2022-05-05 14:19:38.613310840+00:00,D,25.1483,10,"['@', 'I']",18,C,CCD
2022-05-05 14:19:53.880000+00:00,D,25.1699,3,"['@', 'I']",2,C,CCD
2022-05-05 14:22:16.966372177+00:00,Q,25.1,1,"['@', 'I']",36,C,CCD
2022-05-05 14:22:27.459000+00:00,D,25.1013,1500,['@'],19,C,CCD
2022-05-05 14:23:00.701449390+00:00,Q,25.04,100,['@'],37,C,CCD
2022-05-05 14:23:37.516167894+00:00,Q,25.04,200,"['@', 'F']",38,C,CCD
2022-05-05 14:23:37.516442066+00:00,Q,25.04,100,"['@', 'F']",39,C,CCD
2022-05-05 14:23:41.587271+00:00,D,25.0,100,['@'],1,C,CCD
2022-05-05 14:23:41.590037798+00:00,H,25.0,400,"['@', 'F']",3,C,CCD
2022-05-05 14:23:41.590103+00:00,K,25.0,100,"['@', 'F']",9,C,CCD
2022-05-05 14:23:41.590125543+00:00,U,25.0,100,"['@', 'F']",6,C,CCD
2022-05-05 14:23:41.590475740+00:00,Q,25.0,500,['@'],40,C,CCD
2022-05-05 14:23:41.590475740+00:00,Q,25.0,100,['@'],41,C,CCD
2022-05-05 14:23:41.590631+00:00,K,25.0,718,['@'],10,C,CCD
2022-05-05 14:23:41.590766+00:00,K,25.0,12,"['@', 'F', 'I']",11,C,CCD
2022-05-05 14:23:41.591198088+00:00,Q,24.98,200,"['@', 'F']",42,C,CCD
2022-05-05 14:24:40.175585193+00:00,D,24.9989,10,"['@', 'I']",20,C,CCD
2022-05-05 14:27:43.884665234+00:00,D,25.02,7,"['@', 'I']",21,C,CCD
2022-05-05 14:30:39.665561+00:00,K,25.0,199,"['@', 'F']",12,C,CCD
2022-05-05 14:30:47.895038+00:00,Z,24.85,1,"['@', 'I']",3,C,CCD
2022-05-05 14:35:04.237996032+00:00,P,24.95,2,"['@', 'F', 'I']",66,C,CCD
2022-05-05 14:38:13.869519360+00:00,P,24.9,120,"['@', 'F']",67,C,CCD
2022-05-05 14:38:13.869533952+00:00,P,24.9,24,"['@', 'F', 'I']",68,C,CCD
2022-05-05 14:38:13.869779200+00:00,P,24.9,56,"['@', 'F', 'I']",69,C,CCD
2022-05-05 14:38:23.819105554+00:00,D,24.9063,24,"['@', 'I']",22,C,CCD
2022-05-05 14:39:44.702025+00:00,Z,24.88,100,['@'],4,C,CCD
2022-05-05 14:39:44.702132+00:00,Z,24.88,100,"['@', 'F']",5,C,CCD
2022-05-05 14:39:45.715992064+00:00,P,24.88,200,"['@', 'F']",70,C,CCD
2022-05-05 14:41:30.235539014+00:00,D,24.865,100,['@'],3,C,CCD
2022-05-05 14:41:30.249642569+00:00,Q,24.86,105,"['@', 'F']",43,C,CCD
2022-05-05 14:44:05.709823019+00:00,D,24.8705,25,"['@', 'I']",23,C,CCD
2022-05-05 14:44:56.283714269+00:00,Q,24.88,100,['@'],44,C,CCD
2022-05-05 14:46:15.690691837+00:00,D,24.91,10,"['@', 'I']",24,C,CCD
2022-05-05 14:48:41.762000+00:00,D,24.88,100,['@'],26,C,CCD
2022-05-05 14:48:41.763352013+00:00,D,24.8801,100,['@'],25,C,CCD
2022-05-05 14:48:41.769359360+00:00,P,24.88,1,"['@', 'I']",71,C,CCD
2022-05-05 14:48:41.769981379+00:00,D,24.8801,1,"['@', 'I']",27,C,CCD
2022-05-05 14:48:41.771767+00:00,K,24.88,205,"['@', 'F']",13,C,CCD
2022-05-05 14:52:39.114644198+00:00,Q,24.89,100,['@'],45,C,CCD
2022-05-05 14:52:39.114874+00:00,K,24.89,100,['@'],14,C,CCD
2022-05-05 14:55:15.789625+00:00,D,24.918,25,"['@', 'I']",28,C,CCD
2022-05-05 14:55:15.791000+00:00,D,24.8984,25,"['@', 'I']",4,C,CCD
2022-05-05 14:59:06.924765731+00:00,Q,24.87,90,"['@', 'F', 'I']",46,C,CCD
2022-05-05 15:02:34.048000+00:00,D,24.88,12,"['@', 'I']",29,C,CCD
2022-05-05 15:02:34.051000+00:00,D,24.88,1,"['@', 'I']",30,C,CCD
2022-05-05 15:02:51.994420+00:00,Z,24.88,200,"['@', 'F']",6,C,CCD
2022-05-05 15:03:06.821423616+00:00,P,24.88,24,"['@', 'F', 'I']",72,C,CCD
2022-05-05 15:03:06.821802240+00:00,P,24.88,18,"['@', 'F', 'I']",73,C,CCD
2022-05-05 15:03:06.821847040+00:00,P,24.88,158,"['@', 'F']",74,C,CCD
2022-05-05 15:04:05.483230+00:00,K,24.86,100,"['@', 'F']",15,C,CCD
2022-05-05 15:04:05.483262672+00:00,Q,24.87,200,"['@', 'F']",47,C,CCD
2022-05-05 15:04:05.483262672+00:00,Q,24.87,100,"['@', 'F']",48,C,CCD
2022-05-05 15:04:05.484253+00:00,Z,24.82,200,"['@', 'F']",7,C,CCD
2022-05-05 15:04:10.545958839+00:00,Q,24.86,100,"['@', 'F']",49,C,CCD
2022-05-05 15:04:10.545981634+00:00,Q,24.86,100,"['@', 'F']",50,C,CCD
2022-05-05 15:04:15.585626624+00:00,P,24.86,24,"['@', 'F', 'I']",75,C,CCD
2022-05-05 15:04:49.373759232+00:00,P,24.86,100,['@'],76,C,CCD
2022-05-05 15:08:37.846793372+00:00,Q,24.81,200,"['@', 'F']",51,C,CCD
2022-05-05 15:09:08.684000+00:00,D,24.805,1,"['@', 'I']",31,C,CCD
2022-05-05 15:10:18.683691934+00:00,Q,24.805,83,"['@', 'I']",52,C,CCD
2022-05-05 15:10:18.684425908+00:00,D,24.805,917,['@'],32,C,CCD
2022-05-05 15:10:19.998159+00:00,K,24.8,100,"['@', 'F']",16,C,CCD
2022-05-05 15:10:24.723240960+00:00,P,24.77,89,"['@', 'F', 'I']",77,C,CCD
2022-05-05 15:10:24.723250916+00:00,Q,24.8,10,"['@', 'F', 'I']",53,C,CCD
2022-05-05 15:10:24.723250916+00:00,Q,24.78,1,"['@', 'F', 'I']",54,C,CCD
2022-05-05 15:10:26.262684672+00:00,P,24.76,81,"['@', 'F', 'I']",78,C,CCD
2022-05-05 15:10:26.262718+00:00,K,24.77,9,"['@', 'F', 'I']",17,C,CCD
2022-05-05 15:10:26.263000+00:00,D,24.77,3,"['@', 'I']",5,C,CCD
2022-05-05 15:11:08.131841406+00:00,D,24.78,4,"['@', 'I']",33,C,CCD
2022-05-05 15:11:38.388000+00:00,D,24.7689,318,['@'],34,C,CCD
2022-05-05 15:11:40.732112767+00:00,Q,24.76,100,"['@', 'F']",55,C,CCD
2022-05-05 15:12:11.560000+00:00,D,24.8399,2000,['@'],6,C,CCD
2022-05-05 15:12:11.560000+00:00,D,24.8399,2000,['@'],7,C,CCD
2022-05-05 15:14:53.164035845+00:00,Q,24.82,90,"['@', 'I']",56,C,CCD
2022-05-05 15:16:41.335000+00:00,D,24.9,20,"['@', 'I']",8,C,CCD
2022-05-05 15:18:03.478317485+00:00,D,24.96,18,"['@', 'I']",35,C,CCD
2022-05-05 15:23:52.350559+00:00,Z,24.85,280,['@'],8,C,CCD
2022-05-05 15:23:56.960933+00:00,D,24.855,100,['@'],36,C,CCD
2022-05-05 15:24:20.575238+00:00,K,24.85,100,"['@', 'F']",18,C,CCD
2022-05-05 15:24:20.575380626+00:00,Q,24.85,100,"['@', 'F']",57,C,CCD
2022-05-05 15:24:20.575442688+00:00,P,24.85,80,"['@', 'F', 'I']",79,C,CCD
2022-05-05 15:24:20.635556352+00:00,P,24.85,278,"['@', 'F']",80,C,CCD
2022-05-05 15:24:20.891713+00:00,D,24.855,100,['@'],37,C,CCD
2022-05-05 15:24:43.712333824+00:00,P,24.85,142,"['@', 'F']",81,C,CCD
2022-05-05 15:24:43.712831+00:00,Z,24.85,136,"['@', 'F']",9,C,CCD
2022-05-05 15:24:53.765334+00:00,K,24.84,281,"['@', 'F']",19,C,CCD
2022-05-05 15:24:53.787425+00:00,Z,24.84,278,"['@', 'F']",10,C,CCD
2022-05-05 15:24:57.366890+00:00,K,24.84,19,"['@', 'F', 'I']",20,C,CCD
2022-05-05 15:24:57.366890+00:00,K,24.83,81,"['@', 'F', 'I']",21,C,CCD
2022-05-05 15:25:48.297711767+00:00,D,24.83,69,"['@', 'I']",38,C,CCD
2022-05-05 15:25:49.213910453+00:00,Q,24.77,200,"['@', 'F']",58,C,CCD
2022-05-05 15:25:49.214058+00:00,K,24.8,20,"['@', 'I']",22,C,CCD
2022-05-05 15:25:49.290847187+00:00,V,24.79,100,['@'],3,C,CCD
2022-05-05 15:25:49.311669248+00:00,P,24.79,233,"['@', 'F']",82,C,CCD
2022-05-05 15:25:49.316387+00:00,K,24.79,233,"['@', 'F']",23,C,CCD
2022-05-05 15:25:49.316449281+00:00,Q,24.79,168,"['@', 'F']",59,C,CCD
2022-05-05 15:25:49.316462994+00:00,Q,24.79,24,"['@', 'F', 'I']",60,C,CCD
2022-05-05 15:25:49.316473667+00:00,Q,24.79,41,"['@', 'F', 'I']",61,C,CCD
2022-05-05 15:25:49.316571+00:00,Z,24.79,233,"['@', 'F']",11,C,CCD
2022-05-05 15:25:51.696785+00:00,D,24.715,100,['@'],39,C,CCD
2022-05-05 15:25:51.867274354+00:00,Q,24.78,20,"['@', 'I']",62,C,CCD
2022-05-05 15:25:51.868175+00:00,K,24.765,40,"['@', 'I']",24,C,CCD
2022-05-05 15:25:51.868290304+00:00,P,24.75,10,"['@', 'I']",83,C,CCD
2022-05-05 15:25:51.868290304+00:00,P,24.75,10,"['@', 'I']",84,C,CCD
2022-05-05 15:25:51.868290304+00:00,P,24.75,5,"['@', 'I']",85,C,CCD
2022-05-05 15:25:51.868858+00:00,K,24.75,8,"['@', 'I']",25,C,CCD
2022-05-05 15:25:51.868858+00:00,K,24.75,26,"['@', 'I']",26,C,CCD
2022-05-05 15:25:51.869000+00:00,D,24.75,2,"['@', 'I']",9,C,CCD
2022-05-05 15:25:51.871000+00:00,D,24.75,16,"['@', 'I']",40,C,CCD
2022-05-05 15:25:55.741000+00:00,D,24.7162,500,['@'],41,C,CCD
2022-05-05 15:26:02.235740+00:00,K,24.73,10,"['@', 'F', 'I']",27,C,CCD
2022-05-05 15:26:02.236597+00:00,K,24.7,5,"['@', 'F', 'I']",28,C,CCD
2022-05-05 15:26:02.237851+00:00,Z,24.68,85,"['@', 'F', 'I']",12,C,CCD
2022-05-05 15:26:46.694261995+00:00,Q,24.76,72,"['@', 'F', 'I']",63,C,CCD
2022-05-05 15:26:46.694277686+00:00,Q,24.76,24,"['@', 'F', 'I']",64,C,CCD
2022-05-05 15:26:49.738175571+00:00,U,24.76,24,"['@', 'F', 'I']",7,C,CCD
2022-05-05 15:26:49.738177702+00:00,U,24.76,24,"['@', 'F', 'I']",8,C,CCD
2022-05-05 15:27:03.949948+00:00,Z,24.75,200,"['@', 'F']",13,C,CCD
2022-05-05 15:27:59.707556874+00:00,U,24.76,24,"['@', 'F', 'I']",9,C,CCD
2022-05-05 15:28:15.753768722+00:00,Q,24.8,100,['@'],65,C,CCD
2022-05-05 15:28:15.753844330+00:00,Q,24.8,100,['@'],66,C,CCD
2022-05-05 15:28:15.753857690+00:00,Q,24.8,6,"['@', 'I']",67,C,CCD
2022-05-05 15:28:59.365503855+00:00,Q,24.77,24,"['@', 'F', 'I']",68,C,CCD
2022-05-05 15:28:59.365511331+00:00,Q,24.77,46,"['@', 'F', 'I']",69,C,CCD
2022-05-05 15:28:59.365734912+00:00,P,24.77,8,"['@', 'I']",86,C,CCD
2022-05-05 15:28:59.365742848+00:00,P,24.77,74,"['@', 'I']",87,C,CCD
2022-05-05 15:29:41.937739417+00:00,D,24.6673,500,['@'],42,C,CCD
2022-05-05 15:31:05.751970+00:00,Y,24.79,100,['@'],1,C,CCD
2022-05-05 15:31:05.753000+00:00,D,24.7447,100,['@'],43,C,CCD
2022-05-05 15:31:05.763148285+00:00,D,24.8,100,['@'],10,C,CCD
2022-05-05 15:31:05.763340+00:00,K,24.8,40,"['@', 'F', 'I']",29,C,CCD
2022-05-05 15:31:05.763488+00:00,K,24.79,100,"['@', 'F']",30,C,CCD
2022-05-05 15:31:05.763488+00:00,K,24.8,560,"['@', 'F']",31,C,CCD
2022-05-05 15:31:05.763488+00:00,K,24.8,140,"['@', 'F']",32,C,CCD
2022-05-05 15:31:05.764000+00:00,D,24.7447,100,['@'],44,C,CCD
2022-05-05 15:31:05.764000+00:00,D,24.7447,40,"['@', 'I']",45,C,CCD
2022-05-05 15:31:05.872971+00:00,D,24.695,100,['@'],46,C,CCD
2022-05-05 15:31:53.038936+00:00,D,24.715,100,['@'],47,C,CCD
2022-05-05 15:31:58.682268+00:00,K,24.79,100,['@'],33,C,CCD
2022-05-05 15:31:58.682430+00:00,K,24.79,100,['@'],34,C,CCD
2022-05-05 15:31:58.682504942+00:00,Q,24.79,100,['@'],70,C,CCD
2022-05-05 15:31:58.682530203+00:00,Q,24.79,100,['@'],71,C,CCD
2022-05-05 15:31:58.682768384+00:00,P,24.79,100,['@'],88,C,CCD
2022-05-05 15:31:58.682872064+00:00,P,24.79,100,['@'],89,C,CCD
2022-05-05 15:31:58.683234+00:00,Z,24.79,168,"['@', 'F']",14,C,CCD
2022-05-05 15:31:58.684643186+00:00,Q,24.8,100,['@'],72,C,CCD
2022-05-05 15:31:58.684646906+00:00,Q,24.8,100,['@'],73,C,CCD
2022-05-05 15:31:58.684803+00:00,Z,24.79,32,"['@', 'F', 'I']",15,C,CCD
2022-05-05 15:31:58.684823+00:00,K,24.8,17,"['@', 'F', 'I']",35,C,CCD
2022-05-05 15:34:36.824408415+00:00,Q,24.78,72,"['@', 'F', 'I']",74,C,CCD
2022-05-05 15:34:36.824423249+00:00,Q,24.78,24,"['@', 'F', 'I']",75,C,CCD
2022-05-05 15:35:15.117586758+00:00,Q,24.8,100,['@'],76,C,CCD
2022-05-05 15:37:28.313695729+00:00,D,24.8847,30,"['@', 'I']",48,C,CCD
2022-05-05 15:38:20.852617671+00:00,Q,24.87,70,"['@', 'I']",77,C,CCD
2022-05-05 15:38:27.990007+00:00,K,24.88,200,"['@', 'F']",36,C,CCD
2022-05-05 15:38:28.521983+00:00,D,24.835,100,['@'],49,C,CCD
2022-05-05 15:42:29.064425418+00:00,D,24.9227,100,['@'],50,C,CCD
2022-05-05 15:44:13.729779+00:00,K,24.9,5,"['@', 'I']",37,C,CCD
2022-05-05 15:44:24.883000+00:00,D,24.881,1000,['@'],51,C,CCD
2022-05-05 15:44:25.838926+00:00,D,24.855,100,['@'],52,C,CCD
2022-05-05 15:46:08.374000+00:00,D,24.9885,2280,['@'],53,C,CCD
2022-05-05 15:47:37.794103012+00:00,D,24.971,102,['@'],54,C,CCD
2022-05-05 15:52:10.911779+00:00,Z,24.88,100,['@'],16,C,CCD
2022-05-05 15:52:10.911779+00:00,Z,24.85,179,['@'],17,C,CCD
2022-05-05 15:53:09.179000+00:00,D,25.0699,4,"['@', 'I']",55,C,CCD
2022-05-05 15:53:09.321584534+00:00,D,24.85,283,['@'],56,C,CCD
2022-05-05 15:53:15.510439+00:00,D,24.85,100,['@'],57,C,CCD
2022-05-05 15:53:31.052997+00:00,K,24.84,44,"['@', 'I']",38,C,CCD
2022-05-05 15:53:31.052997+00:00,K,24.84,22,"['@', 'I']",39,C,CCD
2022-05-05 15:53:31.052997+00:00,K,24.84,22,"['@', 'I']",40,C,CCD
2022-05-05 15:53:31.052997+00:00,K,24.84,12,"['@', 'I']",41,C,CCD
2022-05-05 15:53:31.053145+00:00,K,24.84,10,"['@', 'I']",42,C,CCD
2022-05-05 15:53:31.053285+00:00,K,24.83,100,['@'],43,C,CCD
2022-05-05 15:53:31.053349888+00:00,P,24.84,36,"['@', 'I']",90,C,CCD
2022-05-05 15:53:31.053640346+00:00,Q,24.8,100,['@'],78,C,CCD
2022-05-05 15:53:31.134251199+00:00,Q,24.8,100,['@'],79,C,CCD
2022-05-05 15:53:57.556828+00:00,K,24.8,1,"['@', 'I']",44,C,CCD
2022-05-05 15:54:41.026577642+00:00,Q,24.78,100,"['@', 'F']",80,C,CCD
2022-05-05 15:54:41.028000+00:00,D,24.8,100,['@'],58,C,CCD
2022-05-05 15:54:41.031318681+00:00,Q,24.75,100,"['@', 'F']",81,C,CCD
2022-05-05 15:54:41.031361536+00:00,P,24.75,1000,"['@', 'F']",91,C,CCD
2022-05-05 15:54:41.031680338+00:00,Q,24.75,100,"['@', 'F']",82,C,CCD
2022-05-05 15:54:41.033000+00:00,D,24.79,100,['@'],59,C,CCD
2022-05-05 15:54:41.033000+00:00,D,24.79,1000,['@'],60,C,CCD
2022-05-05 15:54:41.033000+00:00,D,24.6891,900,['@'],61,C,CCD
2022-05-05 15:54:41.033000+00:00,D,24.6891,2900,['@'],62,C,CCD
2022-05-05 15:55:27.595000+00:00,D,24.7136,100,['@'],63,C,CCD
2022-05-05 15:58:04.679746+00:00,D,24.68,100,['@'],65,C,CCD
2022-05-05 15:58:04.681907247+00:00,D,24.68,100,['@'],11,C,CCD
2022-05-05 15:58:04.681907247+00:00,D,24.68,100,['@'],12,C,CCD
2022-05-05 15:58:04.682018+00:00,J,24.68,100,['@'],3,C,CCD
2022-05-05 15:58:04.682166752+00:00,D,24.7,2,"['@', 'I']",64,C,CCD
2022-05-05 15:58:04.694269144+00:00,Q,24.67,28,"['@', 'I']",83,C,CCD
2022-05-05 15:58:04.694269144+00:00,Q,24.67,200,['@'],84,C,CCD
2022-05-05 15:58:04.725920667+00:00,Q,24.67,200,['@'],85,C,CCD
2022-05-05 15:58:04.758764+00:00,Z,24.67,200,['@'],18,C,CCD
2022-05-05 15:58:04.790288+00:00,Z,24.67,200,['@'],19,C,CCD
2022-05-05 15:58:04.816210859+00:00,D,24.68,100,['@'],13,C,CCD
2022-05-05 15:58:04.827978854+00:00,Q,24.67,200,['@'],86,C,CCD
2022-05-05 15:58:04.859047211+00:00,Q,24.67,200,['@'],87,C,CCD
2022-05-05 15:58:04.891666054+00:00,Q,24.67,200,['@'],88,C,CCD
2022-05-05 15:58:04.909575168+00:00,P,24.67,200,"['@', 'F']",92,C,CCD
2022-05-05 15:58:04.923511868+00:00,Q,24.68,200,['@'],89,C,CCD
2022-05-05 15:58:04.923511868+00:00,Q,24.67,100,['@'],90,C,CCD
2022-05-05 15:58:04.925468411+00:00,Q,24.67,100,['@'],91,C,CCD
2022-05-05 15:58:04.959363+00:00,Y,24.68,100,['@'],2,C,CCD
2022-05-05 15:58:04.959364+00:00,J,24.68,100,['@'],4,C,CCD
2022-05-05 15:58:04.959442040+00:00,B,24.68,100,['@'],2,C,CCD
2022-05-05 15:58:04.959444295+00:00,X,24.68,100,['@'],5,C,CCD
2022-05-05 15:58:04.959502592+00:00,A,24.68,100,['@'],1,C,CCD
2022-05-05 15:58:04.973590528+00:00,P,24.67,200,['@'],93,C,CCD
2022-05-05 15:58:05.006711+00:00,Z,24.67,200,['@'],20,C,CCD
2022-05-05 15:58:05.038037504+00:00,P,24.67,200,['@'],94,C,CCD
2022-05-05 15:58:05.059868500+00:00,Q,24.66,100,['@'],92,C,CCD
2022-05-05 15:58:05.059896576+00:00,P,24.66,200,['@'],95,C,CCD
2022-05-05 15:58:05.060165096+00:00,Q,24.66,100,['@'],93,C,CCD
2022-05-05 15:58:05.060169929+00:00,Q,24.66,100,['@'],94,C,CCD
2022-05-05 15:58:05.062189056+00:00,P,24.66,100,['@'],96,C,CCD
2022-05-05 15:58:05.063849706+00:00,Q,24.66,100,['@'],95,C,CCD
2022-05-05 15:58:05.063871232+00:00,P,24.66,100,['@'],97,C,CCD
2022-05-05 15:58:05.065689517+00:00,Q,24.66,100,['@'],96,C,CCD
2022-05-05 15:58:05.067521121+00:00,Q,24.66,100,['@'],97,C,CCD
2022-05-05 15:58:05.069357391+00:00,Q,24.66,100,['@'],98,C,CCD
2022-05-05 15:58:05.089943120+00:00,D,24.65,100,['@'],14,C,CCD
2022-05-05 15:58:05.095651181+00:00,Q,24.66,44,"['@', 'I']",99,C,CCD
2022-05-05 15:58:05.095651181+00:00,Q,24.65,200,['@'],100,C,CCD
2022-05-05 15:58:05.097260+00:00,D,24.63,328,['@'],66,C,CCD
2022-05-05 15:58:05.098000+00:00,D,24.69,1000,['@'],67,C,CCD
2022-05-05 15:59:16.376771+00:00,D,24.585,88,"['@', 'I']",68,C,CCD
2022-05-05 16:00:49.377221+00:00,K,24.63,10,"['@', 'I']",45,C,CCD
2022-05-05 16:00:49.377221+00:00,K,24.63,90,"['@', 'I']",46,C,CCD
2022-05-05 16:01:42.956941319+00:00,U,24.64,100,['@'],10,C,CCD
2022-05-05 16:03:02.753033426+00:00,Q,24.64,100,['@'],101,C,CCD
2022-05-05 16:03:05.113003339+00:00,D,24.69,1000,['@'],69,C,CCD
2022-05-05 16:03:30.066830132+00:00,U,24.67,200,"['@', 'F']",11,C,CCD
2022-05-05 16:03:31.086243347+00:00,Q,24.67,48,"['@', 'F', 'I']",102,C,CCD
2022-05-05 16:03:31.086263556+00:00,Q,24.67,82,"['@', 'F', 'I']",103,C,CCD
2022-05-05 16:03:31.086451563+00:00,Q,24.67,70,"['@', 'F', 'I']",104,C,CCD
2022-05-05 16:03:34.924035+00:00,D,24.58,100,['@'],70,C,CCD
2022-05-05 16:03:35.477525626+00:00,Q,24.6,94,"['@', 'F', 'I']",105,C,CCD
2022-05-05 16:03:35.477532+00:00,K,24.64,6,"['@', 'F', 'I']",47,C,CCD
2022-05-05 16:03:36.159422+00:00,Z,24.66,100,['@'],21,C,CCD
2022-05-05 16:03:41.475825+00:00,Z,24.66,49,"['@', 'F', 'I']",22,C,CCD
2022-05-05 16:04:41.801000+00:00,D,24.6731,300,['@'],15,C,CCD
2022-05-05 16:04:45.780243516+00:00,Q,24.66,100,"['@', 'F']",106,C,CCD
2022-05-05 16:04:53.172659476+00:00,D,24.6569,130,['@'],71,C,CCD
2022-05-05 16:04:53.265100+00:00,D,24.6569,1,"['@', '4', 'I']",72,C,CCD
2022-05-05 16:06:04.369058720+00:00,Q,24.68,100,['@'],107,C,CCD
2022-05-05 16:06:32.297070142+00:00,Q,24.68,100,['@'],108,C,CCD
2022-05-05 16:06:32.297237+00:00,K,24.68,167,['@'],48,C,CCD
2022-05-05 16:06:32.297253631+00:00,Q,24.68,100,['@'],109,C,CCD
2022-05-05 16:06:32.297253631+00:00,Q,24.68,158,['@'],110,C,CCD
2022-05-05 16:06:32.297260+00:00,Z,24.68,200,['@'],23,C,CCD
2022-05-05 16:06:32.297282+00:00,K,24.68,33,"['@', 'I']",49,C,CCD
2022-05-05 16:06:32.297329664+00:00,P,24.68,200,['@'],98,C,CCD
2022-05-05 16:06:32.297622086+00:00,Q,24.68,46,"['@', 'I']",111,C,CCD
2022-05-05 16:06:34.853958+00:00,D,24.66,100,['@'],73,C,CCD
2022-05-05 16:06:35.123842+00:00,D,24.655,100,['@'],74,C,CCD
2022-05-05 16:06:47.187082553+00:00,V,24.68,100,['@'],4,C,CCD
2022-05-05 16:06:48.265948425+00:00,V,24.65,100,['@'],5,C,CCD
2022-05-05 16:07:34.200199446+00:00,D,24.8445,1200,['@'],75,C,CCD
2022-05-05 16:07:34.223875328+00:00,P,24.67,100,"['@', 'F']",99,C,CCD
2022-05-05 16:10:51.409933935+00:00,D,24.71,1,"['@', 'I']",76,C,CCD
2022-05-05 16:10:51.411000+00:00,D,24.71,1,"['@', 'I']",77,C,CCD
2022-05-05 16:13:13.509756+00:00,K,24.71,17,"['@', 'F', 'I']",50,C,CCD
2022-05-05 16:13:19.927314455+00:00,D,24.75,90,"['@', 'I']",78,C,CCD
2022-05-05 16:13:26.156376+00:00,D,24.68,100,['@'],2,C,CCD
2022-05-05 16:14:24.109767511+00:00,D,24.65,45,"['@', 'I']",79,C,CCD
2022-05-05 16:16:36.921000+00:00,D,24.8499,1,"['@', 'I']",80,C,CCD
2022-05-05 16:18:45.241840+00:00,K,24.75,100,['@'],51,C,CCD
2022-05-05 16:21:01.065656171+00:00,Q,24.785,18,"['@', 'I']",112,C,CCD
2022-05-05 16:21:34.256000+00:00,D,24.7749,4,"['@', 'I']",16,C,CCD
2022-05-05 16:22:31.984422467+00:00,D,24.7,10,"['@', 'I']",81,C,CCD
2022-05-05 16:35:30.662617513+00:00,D,24.8273,10,"['@', 'I']",82,C,CCD
2022-05-05 16:35:43.067715+00:00,Y,24.84,100,['@'],3,C,CCD
2022-05-05 16:35:43.067715+00:00,Y,24.84,100,['@'],4,C,CCD
2022-05-05 16:35:43.067847858+00:00,B,24.843,100,['@'],3,C,CCD
2022-05-05 16:35:43.068285451+00:00,D,24.78,100,['@'],83,C,CCD
2022-05-05 16:35:43.151529+00:00,J,24.72,100,"['@', 'F']",5,C,CCD
2022-05-05 16:35:43.266879+00:00,D,24.705,63,"['@', 'I']",84,C,CCD
2022-05-05 16:37:33.250600724+00:00,D,24.7,75,"['@', 'I']",85,C,CCD
2022-05-05 16:39:54.068370740+00:00,D,24.7,350,['@'],86,C,CCD
2022-05-05 16:41:16.092467244+00:00,D,24.7938,50,"['@', 'I']",87,C,CCD
2022-05-05 16:41:34.648960+00:00,K,24.8,100,['@'],52,C,CCD
2022-05-05 16:41:34.648960+00:00,K,24.8,63,"['@', 'I']",53,C,CCD
2022-05-05 16:41:34.648960+00:00,K,24.8,100,['@'],54,C,CCD
2022-05-05 16:41:34.649086+00:00,K,24.8,37,"['@', 'F', 'I']",55,C,CCD
2022-05-05 16:41:34.956593+00:00,D,24.715,100,['@'],88,C,CCD
2022-05-05 16:41:36.019238+00:00,D,24.705,58,"['@', 'I']",89,C,CCD
2022-05-05 16:44:38.422000+00:00,D,24.75,250,['@'],90,C,CCD
2022-05-05 16:44:38.430878+00:00,D,24.7,100,['@'],91,C,CCD
2022-05-05 16:47:00.207059678+00:00,Q,24.7,1,"['@', 'F', 'I']",113,C,CCD
2022-05-05 16:47:08.942555416+00:00,Q,24.7,99,"['@', 'I']",114,C,CCD
2022-05-05 16:47:08.942854912+00:00,P,24.7,25,"['@', 'I']",100,C,CCD
2022-05-05 16:47:08.952642139+00:00,U,24.7,100,"['@', 'F']",12,C,CCD
2022-05-05 16:48:01.974087584+00:00,Q,24.66,50,"['@', 'I']",115,C,CCD
2022-05-05 16:48:04.775213+00:00,J,24.65,100,"['@', 'F']",6,C,CCD
2022-05-05 16:48:29.272556+00:00,J,24.65,100,"['@', 'F']",7,C,CCD
2022-05-05 16:51:38.090000+00:00,D,24.7067,50,"['@', 'I']",92,C,CCD
2022-05-05 16:52:12.776000+00:00,D,24.68,5,"['@', 'I']",17,C,CCD
2022-05-05 16:52:21.091418854+00:00,Q,24.75,1,"['@', 'I']",116,C,CCD
2022-05-05 16:54:13.348000+00:00,D,24.7187,500,['@'],93,C,CCD
2022-05-05 16:54:17.154926936+00:00,U,24.68,100,"['@', 'F']",13,C,CCD
2022-05-05 16:54:18.532917+00:00,D,24.65,50,"['@', 'I']",95,C,CCD
2022-05-05 16:54:18.532958+00:00,D,24.65,4,"['@', 'I']",94,C,CCD
2022-05-05 16:56:58.913100+00:00,K,24.76,34,"['@', 'I']",56,C,CCD
2022-05-05 16:56:58.913100+00:00,K,24.76,30,"['@', 'I']",57,C,CCD
2022-05-05 16:56:58.913100+00:00,K,24.76,30,"['@', 'I']",58,C,CCD
2022-05-05 16:59:23.972667123+00:00,D,24.8405,500,['@'],96,C,CCD
2022-05-05 16:59:24.504900608+00:00,P,24.67,100,"['@', 'F']",101,C,CCD
2022-05-05 16:59:44.613295+00:00,Z,24.68,25,"['@', 'F', 'I']",24,C,CCD
2022-05-05 17:05:03.036000+00:00,D,24.7939,100,['@'],97,C,CCD
2022-05-05 17:06:38.312892+00:00,Y,24.84,100,['@'],5,C,CCD
2022-05-05 17:06:38.312892+00:00,Y,24.84,25,"['@', 'I']",6,C,CCD
2022-05-05 17:06:38.312892+00:00,Y,24.84,75,"['@', 'I']",7,C,CCD
2022-05-05 17:06:38.312894+00:00,K,24.84,100,['@'],59,C,CCD
2022-05-05 17:06:38.312894+00:00,K,24.84,1,"['@', 'I']",60,C,CCD
2022-05-05 17:06:38.313021093+00:00,B,24.861,100,['@'],4,C,CCD
2022-05-05 17:06:38.313072896+00:00,P,24.86,100,['@'],102,C,CCD
2022-05-05 17:06:38.313086320+00:00,Q,24.84,95,"['@', 'F', 'I']",117,C,CCD
2022-05-05 17:06:38.313086320+00:00,Q,24.85,4,"['@', 'F', 'I']",118,C,CCD
2022-05-05 17:06:38.313788544+00:00,Q,24.85,56,"['@', 'F', 'I']",119,C,CCD
2022-05-05 17:06:38.313788544+00:00,Q,24.86,99,"['@', 'F', 'I']",120,C,CCD
2022-05-05 17:06:38.313788544+00:00,Q,24.86,45,"['@', 'F', 'I']",121,C,CCD
2022-05-05 17:06:39.577569792+00:00,P,24.77,100,"['@', 'F']",103,C,CCD
2022-05-05 17:11:29.150041+00:00,D,24.83,200,['@'],3,C,CCD
2022-05-05 17:14:02.029792831+00:00,Q,24.75,100,"['@', 'F']",122,C,CCD
2022-05-05 17:14:02.527000+00:00,D,24.7738,300,['@'],98,C,CCD
2022-05-05 17:14:04.292666961+00:00,D,24.76,42,"['@', 'I']",99,C,CCD
2022-05-05 17:14:11.057102903+00:00,Q,24.8,100,"['@', 'F']",123,C,CCD
2022-05-05 17:18:08.525000+00:00,D,24.8387,120,['@'],100,C,CCD
2022-05-05 17:24:43.641155+00:00,J,24.8,100,"['@', 'F']",8,C,CCD
2022-05-05 17:24:49.239616+00:00,D,24.8,50,"['@', 'I']",103,C,CCD
2022-05-05 17:24:49.239619+00:00,D,24.82,25,"['@', 'I']",101,C,CCD
2022-05-05 17:24:49.239621+00:00,D,24.82,100,['@'],102,C,CCD
2022-05-05 17:24:49.241715+00:00,K,24.82,200,"['@', 'F']",61,C,CCD
2022-05-05 17:24:49.242000+00:00,D,24.8194,200,['@'],104,C,CCD
2022-05-05 17:24:49.243000+00:00,D,24.8194,200,['@'],105,C,CCD
2022-05-05 17:24:49.243248384+00:00,P,24.82,200,"['@', 'F']",104,C,CCD
2022-05-05 17:24:49.244933090+00:00,Q,24.82,200,"['@', 'F']",124,C,CCD
2022-05-05 17:24:49.244933090+00:00,Q,24.82,200,"['@', 'F']",125,C,CCD
2022-05-05 17:24:49.245107+00:00,Z,24.82,1,"['@', 'I']",25,C,CCD
2022-05-05 17:24:49.245121+00:00,Z,24.82,100,['@'],26,C,CCD
2022-05-05 17:24:49.245145+00:00,Z,24.82,75,"['@', 'I']",27,C,CCD
2022-05-05 17:24:49.245167+00:00,Z,24.82,24,"['@', 'F', 'I']",28,C,CCD
2022-05-05 17:24:49.251700+00:00,D,24.86,23,"['@', 'I']",106,C,CCD
2022-05-05 17:24:49.252000+00:00,D,24.772,2,"['@', 'I']",107,C,CCD
2022-05-05 17:24:49.382676476+00:00,U,24.72,27,"['@', 'F', 'I']",14,C,CCD
2022-05-05 17:24:49.382727936+00:00,P,24.78,3,"['@', 'F', 'I']",105,C,CCD
2022-05-05 17:24:49.382727936+00:00,P,24.76,70,"['@', 'F', 'I']",106,C,CCD
2022-05-05 17:24:58.627477+00:00,D,24.71,100,['@'],108,C,CCD
2022-05-05 17:26:22.465230+00:00,J,24.79,100,['@'],9,C,CCD
2022-05-05 17:28:08.129532275+00:00,D,24.8085,235,['@'],109,C,CCD
2022-05-05 17:28:49.829000+00:00,D,24.775,5,"['@', 'I']",110,C,CCD
2022-05-05 17:29:05.575865413+00:00,D,24.7467,200,['@'],111,C,CCD
2022-05-05 17:29:32.353000+00:00,D,24.81,50,"['@', 'I']",112,C,CCD
2022-05-05 17:29:34.034000+00:00,D,24.8099,10,"['@', 'I']",113,C,CCD
2022-05-05 17:29:34.389815+00:00,J,24.74,100,"['@', 'F']",10,C,CCD
2022-05-05 17:30:33.887758216+00:00,Q,24.74,100,['@'],126,C,CCD
2022-05-05 17:34:10.896000+00:00,D,24.7904,5,"['@', 'I']",18,C,CCD
2022-05-05 17:34:23.619000+00:00,D,24.78,36,"['@', 'I']",114,C,CCD
2022-05-05 17:34:23.620000+00:00,D,24.82,4,"['@', 'I']",115,C,CCD
2022-05-05 17:34:23.620000+00:00,D,24.82,1100,['@'],116,C,CCD
2022-05-05 17:34:27.801069115+00:00,Q,24.75,100,"['@', 'F']",127,C,CCD
2022-05-05 17:34:27.801138088+00:00,Q,24.75,100,"['@', 'F']",128,C,CCD
2022-05-05 17:35:41.339000+00:00,D,24.71,130,['@'],117,C,CCD
2022-05-05 17:37:42.549075+00:00,J,24.84,100,['@'],11,C,CCD
2022-05-05 17:39:11.229868186+00:00,V,24.77,100,['@'],6,C,CCD
2022-05-05 17:41:42.134718464+00:00,N,24.78,100,['@'],2,C,CCD
2022-05-05 17:41:53.425242+00:00,K,24.78,100,['@'],62,C,CCD
2022-05-05 17:41:53.425359+00:00,K,24.78,30,"['@', 'I']",63,C,CCD
2022-05-05 17:42:27.055272627+00:00,D,24.79,50,"['@', 'I']",118,C,CCD
2022-05-05 17:44:24.122000+00:00,D,24.7873,10,"['@', 'I']",19,C,CCD
2022-05-05 17:44:47.378241+00:00,Y,24.77,100,['@'],8,C,CCD
2022-05-05 17:46:02.093485+00:00,K,24.75,10,"['@', 'I']",64,C,CCD
2022-05-05 17:49:29.396280+00:00,D,24.71,100,['@'],119,C,CCD
2022-05-05 17:50:04.811724+00:00,K,24.7,10,"['@', 'I']",65,C,CCD
2022-05-05 17:50:04.811831612+00:00,Q,24.7,10,"['@', 'I']",129,C,CCD
2022-05-05 17:50:04.811831612+00:00,Q,24.7,90,"['@', 'I']",130,C,CCD
2022-05-05 17:50:04.811871520+00:00,Q,24.7,9,"['@', 'I']",131,C,CCD
2022-05-05 17:58:45.248707396+00:00,D,24.66,100,['@'],120,C,CCD
2022-05-05 17:58:49.763158948+00:00,D,24.74,5,"['@', 'I']",121,C,CCD
2022-05-05 17:59:06.884521+00:00,D,24.64,11,"['@', 'I']",122,C,CCD
2022-05-05 18:00:01.827000+00:00,D,24.7,6,"['@', 'I']",123,C,CCD
2022-05-05 18:00:11.412042+00:00,K,24.74,15,"['@', 'I']",66,C,CCD
2022-05-05 18:06:43.550000+00:00,D,24.6886,500,['@'],124,C,CCD
2022-05-05 18:06:44.059357+00:00,D,24.64,100,['@'],125,C,CCD
2022-05-05 18:06:47.739917312+00:00,P,24.66,86,"['@', 'F', 'I']",107,C,CCD
2022-05-05 18:06:47.739936126+00:00,Q,24.66,4,"['@', 'F', 'I']",132,C,CCD
2022-05-05 18:06:47.739936126+00:00,Q,24.66,10,"['@', 'F', 'I']",133,C,CCD
2022-05-05 18:06:47.740155904+00:00,P,24.64,42,"['@', 'F', 'I']",108,C,CCD
2022-05-05 18:06:50.984998605+00:00,Q,24.65,10,"['@', 'F', 'I']",134,C,CCD
2022-05-05 18:06:50.985162+00:00,Z,24.64,32,"['@', 'F', 'I']",29,C,CCD
2022-05-05 18:06:54.335701956+00:00,Q,24.7,5,"['@', 'F', 'I']",135,C,CCD
2022-05-05 18:07:00.134803+00:00,K,24.71,95,"['@', 'I']",67,C,CCD
2022-05-05 18:07:30.473128+00:00,K,24.72,15,"['@', 'I']",68,C,CCD
2022-05-05 18:09:01.362925+00:00,D,24.65,100,['@'],127,C,CCD
2022-05-05 18:09:01.363175+00:00,D,24.65,100,['@'],126,C,CCD
2022-05-05 18:09:01.364824+00:00,J,24.65,50,"['@', 'I']",12,C,CCD
2022-05-05 18:09:02.320342+00:00,D,24.64,100,['@'],128,C,CCD
2022-05-05 18:11:04.886004+00:00,Z,24.7,100,['@'],30,C,CCD
2022-05-05 18:11:04.886085+00:00,Z,24.7,100,['@'],31,C,CCD
2022-05-05 18:11:10.922456519+00:00,U,24.66,101,"['@', 'F']",15,C,CCD
2022-05-05 18:11:15.987321600+00:00,P,24.69,100,['@'],109,C,CCD
2022-05-05 18:11:20.016627456+00:00,P,24.69,100,['@'],110,C,CCD
2022-05-05 18:11:21.387235155+00:00,Q,24.65,100,"['@', 'F']",136,C,CCD
2022-05-05 18:11:44.646000+00:00,D,24.685,1,"['@', 'I']",20,C,CCD
2022-05-05 18:12:35.784932526+00:00,Q,24.68,100,['@'],137,C,CCD
2022-05-05 18:16:05.638887+00:00,K,24.68,100,['@'],69,C,CCD
2022-05-05 18:17:22.220000+00:00,D,24.685,10,"['@', 'I']",129,C,CCD
2022-05-05 18:17:51.472085975+00:00,Q,24.72,100,['@'],138,C,CCD
2022-05-05 18:19:01.172159+00:00,K,24.725,30,"['@', 'I']",70,C,CCD
2022-05-05 18:19:31.173582+00:00,K,24.74,34,"['@', 'I']",71,C,CCD
2022-05-05 18:20:01.174175976+00:00,V,24.75,100,['@'],7,C,CCD
2022-05-05 18:20:01.176307+00:00,Z,24.75,33,"['@', 'I']",32,C,CCD
2022-05-05 18:24:26.630609+00:00,K,24.7,100,['@'],72,C,CCD
2022-05-05 18:24:26.630722+00:00,K,24.7,114,['@'],73,C,CCD
2022-05-05 18:24:26.630742+00:00,K,24.7,186,"['@', 'F']",74,C,CCD
2022-05-05 18:24:26.631027431+00:00,Q,24.68,55,"['@', 'F', 'I']",139,C,CCD
2022-05-05 18:24:26.735246613+00:00,V,24.72,100,['@'],8,C,CCD
2022-05-05 18:24:26.735888880+00:00,V,24.72,30,"['@', 'I']",9,C,CCD
2022-05-05 18:24:27.473818880+00:00,P,24.66,100,"['@', 'F']",111,C,CCD
2022-05-05 18:24:27.473914624+00:00,P,24.66,45,"['@', 'I']",112,C,CCD
2022-05-05 18:24:27.476512121+00:00,Q,24.66,100,['@'],140,C,CCD
2022-05-05 18:24:27.476550333+00:00,Q,24.66,49,"['@', 'I']",141,C,CCD
2022-05-05 18:27:02.953794048+00:00,P,24.65,1,"['@', 'I']",113,C,CCD
2022-05-05 18:27:02.953794048+00:00,P,24.65,99,"['@', 'I']",114,C,CCD
2022-05-05 18:27:35.321000+00:00,D,24.6664,50,"['@', 'I']",130,C,CCD
2022-05-05 18:27:36.479206442+00:00,D,24.6891,100,['@'],131,C,CCD
2022-05-05 18:27:40.209823+00:00,K,24.69,100,['@'],75,C,CCD
2022-05-05 18:27:40.209823+00:00,K,24.69,11,"['@', 'I']",76,C,CCD
2022-05-05 18:27:40.209867+00:00,Z,24.69,100,['@'],33,C,CCD
2022-05-05 18:27:40.209925259+00:00,Q,24.69,100,['@'],142,C,CCD
2022-05-05 18:27:40.209925259+00:00,Q,24.69,11,"['@', 'I']",143,C,CCD
2022-05-05 18:27:40.209935+00:00,D,24.688,11,"['@', 'I']",133,C,CCD
2022-05-05 18:27:40.209946+00:00,D,24.69,100,['@'],132,C,CCD
2022-05-05 18:27:40.209946+00:00,Y,24.69,11,"['@', 'I']",9,C,CCD
2022-05-05 18:27:40.210083328+00:00,P,24.69,100,['@'],116,C,CCD
2022-05-05 18:27:40.210115305+00:00,V,24.69,100,['@'],10,C,CCD
2022-05-05 18:27:40.210115305+00:00,V,24.69,11,"['@', 'I']",11,C,CCD
2022-05-05 18:27:40.216880+00:00,Z,24.7,200,['@'],34,C,CCD
2022-05-05 18:27:40.216902+00:00,K,24.7,200,['@'],77,C,CCD
2022-05-05 18:27:40.216978834+00:00,Q,24.7,200,['@'],144,C,CCD
2022-05-05 18:27:40.216978834+00:00,Q,24.7,200,['@'],145,C,CCD
2022-05-05 18:27:40.216984064+00:00,P,24.7,200,['@'],117,C,CCD
2022-05-05 18:27:40.620119910+00:00,V,24.78,13,"['@', 'I']",12,C,CCD
2022-05-05 18:27:40.620627236+00:00,V,24.76,25,"['@', 'I']",13,C,CCD
2022-05-05 18:27:40.621133072+00:00,V,24.76,25,"['@', 'I']",14,C,CCD
2022-05-05 18:27:40.621614183+00:00,V,24.76,25,"['@', 'I']",15,C,CCD
2022-05-05 18:27:40.624281654+00:00,Q,24.86,44,"['@', 'I']",146,C,CCD
2022-05-05 18:27:41.897185+00:00,D,24.715,100,['@'],134,C,CCD
2022-05-05 18:27:46.007795990+00:00,U,24.71,100,"['@', 'F']",16,C,CCD
2022-05-05 18:27:46.691986+00:00,K,24.71,100,"['@', 'F']",78,C,CCD
2022-05-05 18:27:46.692055064+00:00,Q,24.71,200,"['@', 'F']",147,C,CCD
2022-05-05 18:27:46.692171184+00:00,Q,24.71,45,"['@', 'I']",148,C,CCD
2022-05-05 18:27:48.319190+00:00,K,24.66,100,"['@', 'F']",79,C,CCD
2022-05-05 18:27:54.922655+00:00,J,24.63,100,"['@', 'F']",13,C,CCD
2022-05-05 18:27:54.922860653+00:00,D,24.66,2,"['@', 'I']",135,C,CCD
2022-05-05 18:27:54.926377+00:00,D,24.64,100,['@'],4,C,CCD
2022-05-05 18:27:58.971344+00:00,J,24.63,100,"['@', 'F']",14,C,CCD
2022-05-05 18:28:01.040389+00:00,J,24.63,100,"['@', 'F']",15,C,CCD
2022-05-05 18:29:39.936222035+00:00,Q,24.63,98,"['@', 'F', 'I']",149,C,CCD
2022-05-05 18:30:15.233055488+00:00,P,24.65,55,"['@', 'F', 'I']",118,C,CCD
2022-05-05 18:30:15.233092352+00:00,P,24.65,95,"['@', 'F', 'I']",119,C,CCD
2022-05-05 18:30:34.550167+00:00,D,24.65,100,['@'],5,C,CCD
2022-05-05 18:32:49.969083481+00:00,Q,24.63,50,"['@', 'I']",150,C,CCD
2022-05-05 18:35:24.800000+00:00,D,24.6665,3,"['@', 'I']",136,C,CCD
2022-05-05 18:40:04.066974+00:00,D,24.66,590,['@'],137,C,CCD
2022-05-05 18:40:08.870495195+00:00,D,24.66,100,['@'],21,C,CCD
2022-05-05 18:41:13.369371264+00:00,Q,24.68,100,['@'],151,C,CCD
2022-05-05 18:41:13.369438152+00:00,Q,24.68,96,"['@', 'F', 'I']",152,C,CCD
2022-05-05 18:41:13.411799+00:00,K,24.7,17,"['@', 'I']",80,C,CCD
2022-05-05 18:41:48.508928872+00:00,D,24.65,145,['@'],138,C,CCD
2022-05-05 18:41:48.509087519+00:00,D,24.65,55,"['@', 'I']",139,C,CCD
2022-05-05 18:44:30.381471678+00:00,D,24.65,58,"['@', 'I']",140,C,CCD
2022-05-05 18:44:43.775000+00:00,D,24.7052,15,"['@', 'I']",141,C,CCD
2022-05-05 18:54:28.182377642+00:00,Q,24.72,3,"['@', 'I']",153,C,CCD
2022-05-05 18:54:28.182377642+00:00,Q,24.72,97,"['@', 'I']",154,C,CCD
2022-05-05 18:54:28.182506169+00:00,Q,24.73,100,['@'],155,C,CCD
2022-05-05 18:56:19.277445+00:00,D,24.72,100,['@'],6,C,CCD
2022-05-05 18:56:19.277596660+00:00,Q,24.71,100,['@'],156,C,CCD
2022-05-05 18:56:19.277596660+00:00,Q,24.72,200,['@'],157,C,CCD
2022-05-05 18:56:19.277664546+00:00,V,24.71,100,['@'],16,C,CCD
2022-05-05 18:56:19.282315031+00:00,V,24.68,100,['@'],17,C,CCD
2022-05-05 18:56:23.396644096+00:00,P,24.67,60,"['@', 'F', 'I']",120,C,CCD
2022-05-05 18:56:23.396651515+00:00,Q,24.68,40,"['@', 'F', 'I']",158,C,CCD
2022-05-05 18:56:23.396799+00:00,K,24.695,1,"['@', 'I']",81,C,CCD
2022-05-05 18:56:23.397038082+00:00,Q,24.68,1,"['@', 'F', 'I']",159,C,CCD
2022-05-05 18:56:23.397345792+00:00,P,24.67,1,"['@', 'F', 'I']",121,C,CCD
2022-05-05 18:56:23.397951488+00:00,P,24.67,101,"['@', 'F']",122,C,CCD
2022-05-05 18:56:25.064915210+00:00,Q,24.67,100,"['@', 'F']",160,C,CCD
2022-05-05 18:58:30.519000+00:00,D,24.68,1,"['@', 'I']",142,C,CCD
2022-05-05 18:59:10.468020486+00:00,U,24.67,33,"['@', 'F', 'I']",17,C,CCD
2022-05-05 19:08:11.630711+00:00,K,24.69,100,['@'],82,C,CCD
2022-05-05 19:08:11.630817039+00:00,Q,24.69,100,['@'],161,C,CCD
2022-05-05 19:08:11.631006759+00:00,V,24.69,100,['@'],18,C,CCD
2022-05-05 19:08:11.631006759+00:00,V,24.69,3,"['@', 'I']",19,C,CCD
2022-05-05 19:08:11.636000+00:00,D,24.7,120,['@'],143,C,CCD
2022-05-05 19:08:17.532607+00:00,K,24.66,100,"['@', 'F']",83,C,CCD
2022-05-05 19:08:18.035810816+00:00,P,24.65,99,"['@', 'F', 'I']",123,C,CCD
2022-05-05 19:08:18.035814683+00:00,Q,24.66,1,"['@', 'F', 'I']",162,C,CCD
2022-05-05 19:08:18.037000+00:00,D,24.66,11,"['@', 'I']",144,C,CCD
2022-05-05 19:08:18.040000+00:00,D,24.66,1,"['@', 'I']",145,C,CCD
2022-05-05 19:08:21.653764867+00:00,Q,24.65,24,"['@', 'F', 'I']",163,C,CCD
2022-05-05 19:08:21.653779526+00:00,Q,24.65,16,"['@', 'F', 'I']",164,C,CCD
2022-05-05 19:08:21.913291776+00:00,P,24.64,24,"['@', 'F', 'I']",124,C,CCD
2022-05-05 19:08:21.913298944+00:00,P,24.64,24,"['@', 'F', 'I']",125,C,CCD
2022-05-05 19:08:34.081207298+00:00,V,24.65,44,"['@', 'I']",20,C,CCD
2022-05-05 19:08:37.504366+00:00,D,24.64,100,['@'],146,C,CCD
2022-05-05 19:09:12.584000+00:00,D,24.691,4,"['@', 'I']",147,C,CCD
2022-05-05 19:09:12.588000+00:00,D,24.73,1,"['@', 'I']",148,C,CCD
2022-05-05 19:11:06.895495917+00:00,D,24.6547,9,"['@', 'I']",149,C,CCD
2022-05-05 19:14:07.067000+00:00,D,24.6881,10,"['@', 'I']",150,C,CCD
2022-05-05 19:14:38.304964041+00:00,D,24.685,100,['@'],22,C,CCD
2022-05-05 19:17:40.203137912+00:00,D,24.64,2,"['@', 'I']",151,C,CCD
2022-05-05 19:21:36.874000+00:00,D,24.71,40,"['@', 'I']",152,C,CCD
2022-05-05 19:23:07.529369036+00:00,Q,24.71,100,['@'],165,C,CCD
2022-05-05 19:23:07.529556483+00:00,V,24.72,100,['@'],21,C,CCD
2022-05-05 19:23:07.529556483+00:00,V,24.72,100,['@'],22,C,CCD
2022-05-05 19:23:07.530395+00:00,D,24.72,93,"['@', 'I']",155,C,CCD
2022-05-05 19:23:07.530954067+00:00,D,24.65,8,"['@', 'I']",153,C,CCD
2022-05-05 19:23:07.531066015+00:00,D,24.65,7,"['@', 'I']",154,C,CCD
2022-05-05 19:29:27.010034475+00:00,Q,24.72,1,"['@', 'F', 'I']",166,C,CCD
2022-05-05 19:29:27.011000+00:00,D,24.72,49,"['@', 'I']",156,C,CCD
2022-05-05 19:29:27.061046818+00:00,Q,24.7,100,['@'],167,C,CCD
2022-05-05 19:32:41.694000+00:00,D,24.7371,510,['@'],157,C,CCD
2022-05-05 19:35:58.013000+00:00,D,24.72,274,['@'],158,C,CCD
2022-05-05 19:36:44.677254905+00:00,D,24.7522,10,"['@', 'I']",159,C,CCD
2022-05-05 19:37:54.609093672+00:00,Q,24.75,8,"['@', 'F', 'I']",168,C,CCD
2022-05-05 19:39:11.769000+00:00,D,24.72,113,['@'],160,C,CCD
2022-05-05 19:43:29.700244+00:00,D,24.7516,404,['@'],161,C,CCD
2022-05-05 19:43:29.703000+00:00,D,24.7516,1,"['@', 'I']",162,C,CCD
2022-05-05 19:43:31.878209+00:00,D,24.705,100,['@'],163,C,CCD
2022-05-05 19:43:36.289826+00:00,K,24.73,100,"['@', 'F']",84,C,CCD
2022-05-05 19:43:51.712000+00:00,D,24.7364,500,['@'],164,C,CCD
2022-05-05 19:43:52.010549+00:00,K,24.71,100,"['@', 'F']",85,C,CCD
2022-05-05 19:44:08.829440496+00:00,Q,24.71,9,"['@', 'F', 'I']",169,C,CCD
2022-05-05 19:44:31.218591+00:00,D,24.75,25,"['@', 'I']",165,C,CCD
2022-05-05 19:44:31.220000+00:00,D,24.7495,234,['@'],166,C,CCD
2022-05-05 19:44:31.220107+00:00,K,24.75,234,"['@', 'F']",86,C,CCD
2022-05-05 19:44:31.221604096+00:00,P,24.75,234,"['@', 'F']",126,C,CCD
2022-05-05 19:44:31.222000+00:00,D,24.7495,234,['@'],167,C,CCD
2022-05-05 19:44:31.223333373+00:00,Q,24.75,107,"['@', 'F']",170,C,CCD
2022-05-05 19:44:31.224000+00:00,D,24.725,107,['@'],168,C,CCD
2022-05-05 19:44:31.224000+00:00,D,24.725,400,['@'],169,C,CCD
2022-05-05 19:44:32.871297+00:00,D,24.705,100,['@'],170,C,CCD
2022-05-05 19:44:36.572044+00:00,D,24.705,100,['@'],171,C,CCD
2022-05-05 19:44:37.747830+00:00,Z,24.725,100,['@'],35,C,CCD
2022-05-05 19:44:37.748577+00:00,K,24.725,100,['@'],87,C,CCD
2022-05-05 19:44:37.749411328+00:00,P,24.725,100,['@'],127,C,CCD
2022-05-05 19:44:45.645372+00:00,K,24.7,20,"['@', 'F', 'I']",88,C,CCD
2022-05-05 19:44:45.645372+00:00,K,24.7,80,"['@', 'F', 'I']",89,C,CCD
2022-05-05 19:44:50.014329+00:00,K,24.7,52,"['@', 'F', 'I']",90,C,CCD
2022-05-05 19:44:56.317293+00:00,K,24.7,100,"['@', 'F']",91,C,CCD
2022-05-05 19:45:09.062380+00:00,D,24.76,100,['@'],173,C,CCD
2022-05-05 19:45:09.062822875+00:00,D,24.75,100,['@'],172,C,CCD
2022-05-05 19:45:09.063574+00:00,J,24.76,136,['@'],16,C,CCD
2022-05-05 19:45:09.063596+00:00,K,24.76,243,['@'],92,C,CCD
2022-05-05 19:45:09.063784448+00:00,P,24.76,221,['@'],128,C,CCD
2022-05-05 19:45:13.912085376+00:00,Q,24.72,100,"['@', 'F']",171,C,CCD
2022-05-05 19:45:20.442648947+00:00,Q,24.72,100,"['@', 'F']",172,C,CCD
2022-05-05 19:45:20.528896009+00:00,Q,24.71,100,"['@', 'F']",173,C,CCD
2022-05-05 19:45:20.529048+00:00,K,24.73,5,"['@', 'I']",93,C,CCD
2022-05-05 19:45:20.529068+00:00,K,24.73,19,"['@', 'I']",94,C,CCD
2022-05-05 19:45:20.529081+00:00,K,24.73,76,"['@', 'I']",95,C,CCD
2022-05-05 19:45:26.798010215+00:00,Q,24.71,5,"['@', 'F', 'I']",174,C,CCD
2022-05-05 19:45:26.798010215+00:00,Q,24.71,19,"['@', 'F', 'I']",175,C,CCD
2022-05-05 19:45:26.798010215+00:00,Q,24.71,76,"['@', 'F', 'I']",176,C,CCD
2022-05-05 19:45:34.125694+00:00,K,24.7,68,"['@', 'F', 'I']",96,C,CCD
2022-05-05 19:45:34.125694+00:00,K,24.7,32,"['@', 'F', 'I']",97,C,CCD
2022-05-05 19:46:00.934000+00:00,D,24.7262,1000,['@'],174,C,CCD
2022-05-05 19:46:06.741078+00:00,J,24.69,100,"['@', 'F']",17,C,CCD
2022-05-05 19:46:08.335659721+00:00,Q,24.69,1,"['@', 'F', 'I']",177,C,CCD
2022-05-05 19:46:08.335659721+00:00,Q,24.69,99,"['@', 'F', 'I']",178,C,CCD
2022-05-05 19:46:08.335818+00:00,K,24.71,100,['@'],98,C,CCD
2022-05-05 19:46:13.352662893+00:00,Q,24.69,100,"['@', 'F']",179,C,CCD
2022-05-05 19:47:32.037096016+00:00,Q,24.715,200,"['@', 'F']",180,C,CCD
2022-05-05 19:47:32.037141606+00:00,Q,24.72,32,"['@', 'F', 'I']",181,C,CCD
2022-05-05 19:47:32.037149975+00:00,Q,24.72,5,"['@', 'I']",182,C,CCD
2022-05-05 19:47:32.037162509+00:00,Q,24.72,82,"['@', 'F', 'I']",183,C,CCD
2022-05-05 19:47:32.037177722+00:00,Q,24.72,23,"['@', 'I']",184,C,CCD
2022-05-05 19:47:32.037191468+00:00,Q,24.72,91,"['@', 'F', 'I']",185,C,CCD
2022-05-05 19:47:32.037333031+00:00,Q,24.72,67,"['@', 'F', 'I']",186,C,CCD
2022-05-05 19:47:32.176518846+00:00,Q,24.7,100,"['@', 'F']",187,C,CCD
2022-05-05 19:47:39.012376064+00:00,P,24.69,100,"['@', 'F']",129,C,CCD
2022-05-05 19:48:01.606780+00:00,K,24.73,202,['@'],99,C,CCD
2022-05-05 19:48:01.606785+00:00,Z,24.73,202,['@'],36,C,CCD
2022-05-05 19:48:01.606983053+00:00,Q,24.73,96,"['@', 'F', 'I']",188,C,CCD
2022-05-05 19:49:05.005000+00:00,D,24.7317,200,['@'],175,C,CCD
2022-05-05 19:50:15.252038+00:00,D,24.7,100,['@'],176,C,CCD
2022-05-05 19:50:15.375201+00:00,D,24.705,100,['@'],179,C,CCD
2022-05-05 19:50:15.537808415+00:00,D,24.7475,13,"['@', 'I']",177,C,CCD
2022-05-05 19:50:15.538508+00:00,D,24.74,13,"['@', 'I']",178,C,CCD
2022-05-05 19:50:16.644464+00:00,D,24.74,100,['@'],180,C,CCD
2022-05-05 19:50:16.736960+00:00,K,24.74,100,['@'],101,C,CCD
2022-05-05 19:50:42.509997327+00:00,Q,24.78,100,['@'],194,C,CCD
2022-05-05 19:51:09.729547079+00:00,Q,24.79,54,"['@', 'F', 'I']",195,C,CCD
2022-05-05 19:51:09.729590734+00:00,Q,24.79,46,"['@', 'I']",196,C,CCD
2022-05-05 19:51:09.729590734+00:00,Q,24.79,100,['@'],197,C,CCD
2022-05-05 19:51:11.604418+00:00,J,24.75,100,['@'],18,C,CCD
2022-05-05 19:51:11.604418+00:00,J,24.75,4,"['@', 'I']",19,C,CCD
2022-05-05 19:51:42.399000+00:00,D,24.8098,400,['@'],181,C,CCD
2022-05-05 19:51:42.503575212+00:00,Q,24.76,57,"['@', 'F', 'I']",198,C,CCD
2022-05-05 19:51:42.503575212+00:00,Q,24.75,43,"['@', 'F', 'I']",199,C,CCD
2022-05-05 19:51:56.555467865+00:00,D,24.744,939,['@'],182,C,CCD
2022-05-05 19:52:23.260312899+00:00,D,24.795,100,['@'],23,C,CCD
2022-05-05 19:55:29.721000+00:00,D,24.8056,850,['@'],183,C,CCD
2022-05-05 19:56:18.517878+00:00,D,24.79,1000,['@'],184,C,CCD
2022-05-05 19:56:19.183024+00:00,D,24.75,100,['@'],185,C,CCD
2022-05-05 19:58:14.737000+00:00,D,24.8292,1,"['@', 'I']",186,C,CCD
2022-05-05 19:58:43.814290+00:00,J,24.82,100,['@'],20,C,CCD
2022-05-05 19:58:43.815000+00:00,D,24.8125,100,['@'],187,C,CCD
2022-05-05 19:58:43.817000+00:00,D,24.82,100,['@'],192,C,CCD
2022-05-05 19:58:43.817842+00:00,D,24.82,100,['@'],188,C,CCD
2022-05-05 19:58:43.818824339+00:00,V,24.82,100,['@'],23,C,CCD
2022-05-05 19:58:43.819000+00:00,D,24.8125,100,['@'],189,C,CCD
2022-05-05 19:58:43.819000+00:00,D,24.8125,100,['@'],190,C,CCD
2022-05-05 19:58:43.820000+00:00,D,24.8125,100,['@'],191,C,CCD
2022-05-05 19:58:43.820343+00:00,K,24.83,216,"['@', 'F']",102,C,CCD
2022-05-05 19:58:43.820498944+00:00,P,24.83,84,"['@', 'F', 'I']",131,C,CCD
2022-05-05 19:58:43.820514294+00:00,Q,24.83,10,"['@', 'I']",200,C,CCD
2022-05-05 19:58:43.820514294+00:00,Q,24.83,216,['@'],201,C,CCD
2022-05-05 19:58:43.820514294+00:00,Q,24.83,216,['@'],202,C,CCD
2022-05-05 19:58:43.820514294+00:00,Q,24.83,100,['@'],203,C,CCD
2022-05-05 19:58:43.820537088+00:00,P,24.83,8,"['@', 'F', 'I']",132,C,CCD
2022-05-05 19:58:43.820558080+00:00,P,24.83,124,['@'],133,C,CCD
2022-05-05 19:58:43.820649+00:00,Z,24.83,216,['@'],38,C,CCD
2022-05-05 19:58:43.823606849+00:00,Q,24.87,100,['@'],204,C,CCD
2022-05-05 19:58:44.217378+00:00,D,24.765,100,['@'],194,C,CCD
2022-05-05 19:58:44.217417+00:00,D,24.765,100,['@'],193,C,CCD
2022-05-05 19:58:45.207734+00:00,D,24.765,100,['@'],197,C,CCD
2022-05-05 19:58:45.207775+00:00,D,24.765,100,['@'],196,C,CCD
2022-05-05 19:58:45.208230+00:00,D,24.76,100,['@'],195,C,CCD
2022-05-05 19:58:45.236396+00:00,K,24.815,100,['@'],103,C,CCD
2022-05-05 19:59:47.924000+00:00,D,24.816,15,"['@', 'I']",24,C,CCD
2022-05-05 19:59:54.474211+00:00,Z,24.88,100,['@'],39,C,CCD
2022-05-05 19:59:54.474419+00:00,K,24.85,25,"['@', 'F', 'I']",104,C,CCD
2022-05-05 19:59:54.474419+00:00,K,24.87,29,"['@', 'F', 'I']",105,C,CCD
2022-05-05 19:59:54.474614016+00:00,P,24.85,35,"['@', 'I']",134,C,CCD
2022-05-05 19:59:54.474624256+00:00,P,24.87,35,"['@', 'F', 'I']",135,C,CCD
2022-05-05 19:59:54.475266463+00:00,Q,24.88,40,"['@', 'F', 'I']",205,C,CCD
2022-05-05 19:59:54.475266463+00:00,Q,24.88,100,"['@', 'F']",206,C,CCD
2022-05-05 19:59:54.475266463+00:00,Q,24.89,100,"['@', 'F']",207,C,CCD
2022-05-05 19:59:54.475850287+00:00,Q,24.91,200,"['@', 'F']",208,C,CCD
2022-05-05 19:59:54.475850287+00:00,Q,24.91,119,"['@', 'F']",209,C,CCD
2022-05-05 19:59:54.475872674+00:00,Q,24.91,347,['@'],210,C,CCD
2022-05-05 19:59:55.209837+00:00,D,24.805,100,['@'],199,C,CCD
2022-05-05 19:59:55.209881+00:00,D,24.805,100,['@'],198,C,CCD
2022-05-05 19:59:55.209913+00:00,D,24.8,200,['@'],200,C,CCD
2022-05-05 19:59:55.283979+00:00,K,24.94,58,"['@', 'F', 'I']",106,C,CCD
2022-05-05 19:59:56.210059+00:00,D,24.805,100,['@'],201,C,CCD
2022-05-05 19:59:56.213430+00:00,D,24.8,66,"['@', 'I']",202,C,CCD
2022-05-05 19:59:59.327285+00:00,K,24.8,8,"['@', 'F', 'I']",107,C,CCD
2022-05-05 20:00:01.171123861+00:00,Q,24.89,101,"['@', '6', 'X']",211,C,CCD
2022-05-05 20:00:01.171142256+00:00,Q,24.89,101,"['@', 'M']",212,C,CCD
2022-05-05 11:31:58.173762+00:00,D,12.34,1,"['C', 'T', 'I']",2,C,CHI
2022-05-05 11:36:09.930518819+00:00,D,12.0,503,"['@', 'T']",1,C,CHI
2022-05-05 12:00:56.664752+00:00,K,13.32,1,"['@', 'T', 'I']",1,C,CHI
2022-05-05 13:29:58.415555045+00:00,Q,12.3,100,"['@', 'T']",1,C,CHI
2022-05-05 13:30:00.431740797+00:00,Q,12.3,12366,"['@', 'O', 'X']",2,C,CHI
2022-05-05 13:30:00.431759947+00:00,Q,12.3,12366,"['@', 'Q']",3,C,CHI
2022-05-05 13:31:10.432000+00:00,D,12.26,1,"['@', 'I']",1,C,CHI
2022-05-05 13:31:10.435000+00:00,D,12.25,399,['@'],3,C,CHI
2022-05-05 13:31:31.931493406+00:00,Q,12.26,200,['@'],4,C,CHI
2022-05-05 13:31:31.931493406+00:00,Q,12.25,106,['@'],5,C,CHI
2022-05-05 13:31:31.931493406+00:00,Q,12.25,3,"['@', 'I']",6,C,CHI
2022-05-05 13:31:40.600552097+00:00,V,12.28,100,['@'],1,C,CHI
2022-05-05 13:31:40.601206069+00:00,D,12.3,1,"['@', 'I']",4,C,CHI
2022-05-05 13:31:50.061000+00:00,D,12.2126,1000,['@'],5,C,CHI
2022-05-05 13:33:44.112509184+00:00,P,12.26,8,"['@', 'I']",1,C,CHI
2022-05-05 13:33:44.112509184+00:00,P,12.26,8,"['@', 'Q']",2,C,CHI
2022-05-05 13:33:44.112564224+00:00,P,12.26,32,"['@', 'F', 'I']",3,C,CHI
2022-05-05 13:33:44.112596736+00:00,P,12.26,32,"['@', 'F', 'I']",4,C,CHI
2022-05-05 13:33:44.112605952+00:00,P,12.26,32,"['@', 'F', 'I']",5,C,CHI
2022-05-05 13:33:44.112612096+00:00,P,12.26,193,['@'],6,C,CHI
2022-05-05 13:33:44.112883968+00:00,P,12.26,24,"['@', 'F', 'I']",7,C,CHI
2022-05-05 13:33:44.112924928+00:00,P,12.26,24,"['@', 'F', 'I']",8,C,CHI
2022-05-05 13:33:44.113047040+00:00,P,12.26,24,"['@', 'F', 'I']",9,C,CHI
2022-05-05 13:33:44.160447232+00:00,P,12.27,128,"['@', 'F']",10,C,CHI
2022-05-05 13:33:44.160457472+00:00,P,12.27,403,['@'],11,C,CHI
2022-05-05 13:33:46.132343961+00:00,Q,12.27,300,"['@', 'F']",7,C,CHI
2022-05-05 13:33:46.132373437+00:00,Q,12.27,300,"['@', 'F']",8,C,CHI
2022-05-05 13:33:46.132375961+00:00,Q,12.27,254,['@'],9,C,CHI
2022-05-05 13:33:46.132384795+00:00,Q,12.27,24,"['@', 'F', 'I']",10,C,CHI
2022-05-05 13:33:46.132406065+00:00,Q,12.27,22,"['@', 'F', 'I']",11,C,CHI
2022-05-05 13:33:47.489385+00:00,Z,12.27,900,"['@', 'F']",1,C,CHI
2022-05-05 13:33:54.908244666+00:00,Q,12.3,191,"['@', 'F']",12,C,CHI
2022-05-05 13:33:54.908244666+00:00,Q,12.31,9,"['@', 'F', 'I']",13,C,CHI
2022-05-05 13:33:59.521701437+00:00,Q,12.31,200,"['@', 'F']",14,C,CHI
2022-05-05 13:35:42.205442048+00:00,P,12.27,100,['@'],12,C,CHI
2022-05-05 13:35:42.205500672+00:00,P,12.27,4,"['@', 'F', 'I']",13,C,CHI
2022-05-05 13:35:42.205567744+00:00,P,12.27,4,"['@', 'F', 'I']",14,C,CHI
2022-05-05 13:35:42.205596928+00:00,N,12.27,4,"['@', 'F', 'I']",1,C,CHI
2022-05-05 13:35:42.205618176+00:00,P,12.27,4,"['@', 'F', 'I']",15,C,CHI
2022-05-05 13:35:42.205653760+00:00,N,12.27,4,"['@', 'F', 'I']",2,C,CHI
2022-05-05 13:35:42.205668608+00:00,P,12.27,4,"['@', 'F', 'I']",16,C,CHI
2022-05-05 13:35:42.205703936+00:00,N,12.27,4,"['@', 'F', 'I']",3,C,CHI
2022-05-05 13:35:42.205717760+00:00,P,12.27,4,"['@', 'F', 'I']",17,C,CHI
2022-05-05 13:35:42.205753600+00:00,N,12.27,4,"['@', 'F', 'I']",4,C,CHI
2022-05-05 13:35:42.205782528+00:00,P,12.27,4,"['@', 'F', 'I']",18,C,CHI
2022-05-05 13:35:42.205805312+00:00,N,12.27,4,"['@', 'F', 'I']",5,C,CHI
2022-05-05 13:35:42.205831424+00:00,P,12.27,4,"['@', 'F', 'I']",19,C,CHI
2022-05-05 13:35:42.205855744+00:00,N,12.27,4,"['@', 'F', 'I']",6,C,CHI
2022-05-05 13:35:42.205881856+00:00,P,12.27,4,"['@', 'F', 'I']",20,C,CHI
2022-05-05 13:35:42.205906176+00:00,N,12.27,4,"['@', 'F', 'I']",7,C,CHI
2022-05-05 13:35:42.205930240+00:00,P,12.27,4,"['@', 'F', 'I']",21,C,CHI
2022-05-05 13:35:42.205956864+00:00,N,12.27,4,"['@', 'F', 'I']",8,C,CHI
2022-05-05 13:35:42.205979392+00:00,P,12.27,4,"['@', 'F', 'I']",22,C,CHI
2022-05-05 13:35:42.206006016+00:00,N,12.27,4,"['@', 'F', 'I']",9,C,CHI
2022-05-05 13:35:42.206029056+00:00,P,12.27,4,"['@', 'F', 'I']",23,C,CHI
2022-05-05 13:35:42.206055424+00:00,N,12.27,4,"['@', 'F', 'I']",10,C,CHI
2022-05-05 13:35:42.206079488+00:00,P,12.27,4,"['@', 'F', 'I']",24,C,CHI
2022-05-05 13:35:42.206129408+00:00,P,12.27,4,"['@', 'F', 'I']",25,C,CHI
2022-05-05 13:35:42.206134528+00:00,N,12.27,4,"['@', 'F', 'I']",11,C,CHI
2022-05-05 13:35:42.206189312+00:00,P,12.27,4,"['@', 'F', 'I']",26,C,CHI
2022-05-05 13:35:42.206192384+00:00,N,12.27,4,"['@', 'F', 'I']",12,C,CHI
2022-05-05 13:35:42.206242048+00:00,P,12.27,4,"['@', 'F', 'I']",27,C,CHI
2022-05-05 13:35:42.206243840+00:00,N,12.27,4,"['@', 'F', 'I']",13,C,CHI
2022-05-05 13:35:42.206295808+00:00,N,12.27,4,"['@', 'F', 'I']",14,C,CHI
2022-05-05 13:35:42.206296064+00:00,P,12.27,4,"['@', 'F', 'I']",28,C,CHI
2022-05-05 13:35:42.206347264+00:00,N,12.27,4,"['@', 'F', 'I']",15,C,CHI
2022-05-05 13:35:42.206349568+00:00,P,12.27,4,"['@', 'F', 'I']",29,C,CHI
2022-05-05 13:35:42.206402048+00:00,P,12.27,4,"['@', 'F', 'I']",30,C,CHI
2022-05-05 13:35:42.206403328+00:00,N,12.27,4,"['@', 'F', 'I']",16,C,CHI
2022-05-05 13:35:42.206456576+00:00,P,12.27,4,"['@', 'F', 'I']",31,C,CHI
2022-05-05 13:35:42.206457344+00:00,N,12.27,4,"['@', 'F', 'I']",17,C,CHI
2022-05-05 13:35:42.206509056+00:00,N,12.27,4,"['@', 'F', 'I']",18,C,CHI
2022-05-05 13:35:42.206514688+00:00,P,12.27,4,"['@', 'F', 'I']",32,C,CHI
2022-05-05 13:35:42.206560256+00:00,N,12.27,4,"['@', 'F', 'I']",19,C,CHI
2022-05-05 13:35:42.206563840+00:00,P,12.27,4,"['@', 'F', 'I']",33,C,CHI
2022-05-05 13:35:42.206610432+00:00,N,12.27,4,"['@', 'F', 'I']",20,C,CHI
2022-05-05 13:35:42.206614016+00:00,P,12.27,4,"['@', 'F', 'I']",34,C,CHI
2022-05-05 13:35:42.206661888+00:00,N,12.27,4,"['@', 'F', 'I']",21,C,CHI
2022-05-05 13:35:42.206667520+00:00,P,12.27,4,"['@', 'F', 'I']",35,C,CHI
2022-05-05 13:35:42.206711808+00:00,N,12.27,4,"['@', 'F', 'I']",22,C,CHI
2022-05-05 13:35:42.206720768+00:00,P,12.27,4,"['@', 'F', 'I']",36,C,CHI
2022-05-05 13:35:42.206762496+00:00,N,12.27,4,"['@', 'F', 'I']",23,C,CHI
2022-05-05 13:35:42.206770176+00:00,P,12.27,4,"['@', 'F', 'I']",37,C,CHI
2022-05-05 13:35:42.206813952+00:00,N,12.27,4,"['@', 'F', 'I']",24,C,CHI
2022-05-05 13:35:42.206828032+00:00,P,12.27,4,"['@', 'F', 'I']",38,C,CHI
2022-05-05 13:35:42.206865152+00:00,N,12.27,4,"['@', 'F', 'I']",25,C,CHI
2022-05-05 13:35:42.206878208+00:00,P,12.27,4,"['@', 'F', 'I']",39,C,CHI
2022-05-05 13:35:42.206915328+00:00,N,12.27,4,"['@', 'F', 'I']",26,C,CHI
2022-05-05 13:35:42.206930944+00:00,P,12.27,4,"['@', 'F', 'I']",40,C,CHI
2022-05-05 13:35:42.206965760+00:00,N,12.27,4,"['@', 'F', 'I']",27,C,CHI
2022-05-05 13:35:42.206980608+00:00,P,12.27,4,"['@', 'F', 'I']",41,C,CHI
2022-05-05 13:35:42.207015936+00:00,N,12.27,4,"['@', 'F', 'I']",28,C,CHI
2022-05-05 13:35:42.207035392+00:00,P,12.27,4,"['@', 'F', 'I']",42,C,CHI
2022-05-05 13:35:42.207066880+00:00,N,12.27,4,"['@', 'F', 'I']",29,C,CHI
2022-05-05 13:35:42.207087872+00:00,P,12.27,4,"['@', 'F', 'I']",43,C,CHI
2022-05-05 13:35:42.207120896+00:00,N,12.27,4,"['@', 'F', 'I']",30,C,CHI
2022-05-05 13:35:42.207136768+00:00,P,12.27,4,"['@', 'F', 'I']",44,C,CHI
2022-05-05 13:35:42.207173888+00:00,N,12.27,4,"['@', 'F', 'I']",31,C,CHI
2022-05-05 13:35:42.207187712+00:00,P,12.27,4,"['@', 'F', 'I']",45,C,CHI
2022-05-05 13:35:42.207226624+00:00,N,12.27,4,"['@', 'F', 'I']",32,C,CHI
2022-05-05 13:35:42.207238656+00:00,P,12.27,4,"['@', 'F', 'I']",46,C,CHI
2022-05-05 13:35:42.207277824+00:00,N,12.27,4,"['@', 'F', 'I']",33,C,CHI
2022-05-05 13:35:42.207289856+00:00,P,12.27,4,"['@', 'F', 'I']",47,C,CHI
2022-05-05 13:35:42.207327744+00:00,N,12.27,4,"['@', 'F', 'I']",34,C,CHI
2022-05-05 13:35:42.207340032+00:00,P,12.27,4,"['@', 'F', 'I']",48,C,CHI
2022-05-05 13:35:42.207379712+00:00,N,12.27,4,"['@', 'F', 'I']",35,C,CHI
2022-05-05 13:35:42.207390464+00:00,P,12.27,4,"['@', 'F', 'I']",49,C,CHI
2022-05-05 13:35:42.207430400+00:00,N,12.27,4,"['@', 'F', 'I']",36,C,CHI
2022-05-05 13:35:42.207440384+00:00,P,12.27,4,"['@', 'F', 'I']",50,C,CHI
2022-05-05 13:35:42.207480320+00:00,N,12.27,4,"['@', 'F', 'I']",37,C,CHI
2022-05-05 13:35:42.207489536+00:00,P,12.27,4,"['@', 'F', 'I']",51,C,CHI
2022-05-05 13:35:42.207538432+00:00,P,12.27,4,"['@', 'F', 'I']",52,C,CHI
2022-05-05 13:35:42.207541504+00:00,N,12.27,4,"['@', 'F', 'I']",38,C,CHI
2022-05-05 13:35:42.207592192+00:00,N,12.27,4,"['@', 'F', 'I']",39,C,CHI
2022-05-05 13:35:42.207592704+00:00,P,12.27,4,"['@', 'F', 'I']",53,C,CHI
2022-05-05 13:35:42.207645184+00:00,P,12.27,4,"['@', 'F', 'I']",54,C,CHI
2022-05-05 13:35:42.207646208+00:00,N,12.27,4,"['@', 'F', 'I']",40,C,CHI
2022-05-05 13:35:42.207697920+00:00,N,12.27,4,"['@', 'F', 'I']",41,C,CHI
2022-05-05 13:35:42.207698432+00:00,P,12.27,4,"['@', 'F', 'I']",55,C,CHI
2022-05-05 13:35:42.207749120+00:00,N,12.27,4,"['@', 'F', 'I']",42,C,CHI
2022-05-05 13:35:42.207750144+00:00,P,12.27,4,"['@', 'F', 'I']",56,C,CHI
2022-05-05 13:35:42.207800832+00:00,N,12.27,4,"['@', 'F', 'I']",43,C,CHI
2022-05-05 13:35:42.207802624+00:00,P,12.27,4,"['@', 'F', 'I']",57,C,CHI
2022-05-05 13:35:42.207850752+00:00,N,12.27,4,"['@', 'F', 'I']",44,C,CHI
2022-05-05 13:35:42.207853312+00:00,P,12.27,4,"['@', 'F', 'I']",58,C,CHI
2022-05-05 13:35:42.207901440+00:00,N,12.27,4,"['@', 'F', 'I']",45,C,CHI
2022-05-05 13:35:42.207902976+00:00,P,12.27,4,"['@', 'F', 'I']",59,C,CHI
2022-05-05 13:35:42.207952640+00:00,P,12.27,4,"['@', 'F', 'I']",60,C,CHI
2022-05-05 13:35:42.207952896+00:00,N,12.27,4,"['@', 'F', 'I']",46,C,CHI
2022-05-05 13:35:42.208001792+00:00,P,12.27,4,"['@', 'F', 'I']",61,C,CHI
2022-05-05 13:35:42.208003328+00:00,N,12.27,4,"['@', 'F', 'I']",47,C,CHI
2022-05-05 13:35:42.208051968+00:00,P,12.27,4,"['@', 'F', 'I']",62,C,CHI
2022-05-05 13:35:42.208054016+00:00,N,12.27,4,"['@', 'F', 'I']",48,C,CHI
2022-05-05 13:35:42.208102400+00:00,P,12.27,4,"['@', 'F', 'I']",63,C,CHI
2022-05-05 13:35:42.208105216+00:00,N,12.27,4,"['@', 'F', 'I']",49,C,CHI
2022-05-05 13:35:42.208153344+00:00,P,12.27,4,"['@', 'F', 'I']",64,C,CHI
2022-05-05 13:35:42.208156416+00:00,N,12.27,4,"['@', 'F', 'I']",50,C,CHI
2022-05-05 13:35:42.208208384+00:00,P,12.27,4,"['@', 'F', 'I']",65,C,CHI
2022-05-05 13:35:42.208213248+00:00,N,12.27,4,"['@', 'F', 'I']",51,C,CHI
2022-05-05 13:35:42.208263168+00:00,P,12.27,4,"['@', 'F', 'I']",66,C,CHI
2022-05-05 13:35:42.208269312+00:00,N,12.27,4,"['@', 'F', 'I']",52,C,CHI
2022-05-05 13:35:42.208317696+00:00,P,12.27,4,"['@', 'F', 'I']",67,C,CHI
2022-05-05 13:35:42.208324096+00:00,N,12.27,4,"['@', 'F', 'I']",53,C,CHI
2022-05-05 13:35:42.208372480+00:00,P,12.27,4,"['@', 'F', 'I']",68,C,CHI
2022-05-05 13:35:42.208378880+00:00,N,12.27,4,"['@', 'F', 'I']",54,C,CHI
2022-05-05 13:35:42.208426240+00:00,P,12.27,4,"['@', 'F', 'I']",69,C,CHI
2022-05-05 13:35:42.208433408+00:00,N,12.27,4,"['@', 'F', 'I']",55,C,CHI
2022-05-05 13:35:43.451062528+00:00,P,12.27,372,['@'],70,C,CHI
2022-05-05 13:36:03.106387+00:00,J,12.33,77,"['@', 'F', 'I']",1,C,CHI
2022-05-05 13:36:05.762195200+00:00,P,12.27,300,['@'],71,C,CHI
2022-05-05 13:36:19.815088385+00:00,Q,12.28,200,['@'],15,C,CHI
2022-05-05 13:36:19.815129094+00:00,Q,12.28,3,"['@', 'F', 'I']",16,C,CHI
2022-05-05 13:36:19.815181616+00:00,Q,12.28,3,"['@', 'F', 'I']",17,C,CHI
2022-05-05 13:36:19.815217167+00:00,Q,12.28,3,"['@', 'F', 'I']",18,C,CHI
2022-05-05 13:36:19.815252278+00:00,Q,12.28,3,"['@', 'F', 'I']",19,C,CHI
2022-05-05 13:36:19.815289363+00:00,Q,12.28,3,"['@', 'F', 'I']",20,C,CHI
2022-05-05 13:36:19.815325355+00:00,Q,12.28,3,"['@', 'F', 'I']",21,C,CHI
2022-05-05 13:36:19.815359794+00:00,Q,12.28,3,"['@', 'F', 'I']",22,C,CHI
2022-05-05 13:36:19.815394141+00:00,Q,12.28,3,"['@', 'F', 'I']",23,C,CHI
2022-05-05 13:36:19.815428839+00:00,Q,12.28,3,"['@', 'F', 'I']",24,C,CHI
2022-05-05 13:36:19.815463045+00:00,Q,12.28,3,"['@', 'F', 'I']",25,C,CHI
2022-05-05 13:36:19.815497695+00:00,Q,12.28,3,"['@', 'F', 'I']",26,C,CHI
2022-05-05 13:36:19.815531918+00:00,Q,12.28,3,"['@', 'F', 'I']",27,C,CHI
2022-05-05 13:36:19.815566105+00:00,Q,12.28,3,"['@', 'F', 'I']",28,C,CHI
2022-05-05 13:36:19.815600468+00:00,Q,12.28,3,"['@', 'F', 'I']",29,C,CHI
2022-05-05 13:36:19.815635241+00:00,Q,12.28,3,"['@', 'F', 'I']",30,C,CHI
2022-05-05 13:36:19.815670080+00:00,Q,12.28,3,"['@', 'F', 'I']",31,C,CHI
2022-05-05 13:36:19.815705047+00:00,Q,12.28,3,"['@', 'F', 'I']",32,C,CHI
2022-05-05 13:36:19.815738262+00:00,Q,12.28,3,"['@', 'F', 'I']",33,C,CHI
2022-05-05 13:36:19.815773644+00:00,Q,12.28,3,"['@', 'F', 'I']",34,C,CHI
2022-05-05 13:36:19.815808422+00:00,Q,12.28,3,"['@', 'F', 'I']",35,C,CHI
2022-05-05 13:36:19.815844119+00:00,Q,12.28,3,"['@', 'F', 'I']",36,C,CHI
2022-05-05 13:36:19.815878176+00:00,Q,12.28,3,"['@', 'F', 'I']",37,C,CHI
2022-05-05 13:36:19.815913302+00:00,Q,12.28,3,"['@', 'F', 'I']",38,C,CHI
2022-05-05 13:36:19.815948806+00:00,Q,12.28,3,"['@', 'F', 'I']",39,C,CHI
2022-05-05 13:36:19.815984204+00:00,Q,12.28,3,"['@', 'F', 'I']",40,C,CHI
2022-05-05 13:36:19.816021742+00:00,Q,12.28,3,"['@', 'F', 'I']",41,C,CHI
2022-05-05 13:36:19.816056667+00:00,Q,12.28,3,"['@', 'F', 'I']",42,C,CHI
2022-05-05 13:36:19.816090659+00:00,Q,12.28,3,"['@', 'F', 'I']",43,C,CHI
2022-05-05 13:36:19.816124968+00:00,Q,12.28,3,"['@', 'F', 'I']",44,C,CHI
2022-05-05 13:36:19.816159574+00:00,Q,12.28,3,"['@', 'F', 'I']",45,C,CHI
2022-05-05 13:36:19.816194123+00:00,Q,12.28,3,"['@', 'F', 'I']",46,C,CHI
2022-05-05 13:36:19.816229175+00:00,Q,12.28,3,"['@', 'F', 'I']",47,C,CHI
2022-05-05 13:36:19.816263939+00:00,Q,12.28,3,"['@', 'F', 'I']",48,C,CHI
2022-05-05 13:36:19.816297435+00:00,Q,12.28,3,"['@', 'F', 'I']",49,C,CHI
2022-05-05 13:36:19.816332038+00:00,Q,12.28,3,"['@', 'F', 'I']",50,C,CHI
2022-05-05 13:36:19.816366246+00:00,Q,12.28,3,"['@', 'F', 'I']",51,C,CHI
2022-05-05 13:36:19.816402127+00:00,Q,12.28,3,"['@', 'F', 'I']",52,C,CHI
2022-05-05 13:36:19.816436275+00:00,Q,12.28,3,"['@', 'F', 'I']",53,C,CHI
2022-05-05 13:36:19.816472138+00:00,Q,12.28,3,"['@', 'F', 'I']",54,C,CHI
2022-05-05 13:36:19.816507098+00:00,Q,12.28,3,"['@', 'F', 'I']",55,C,CHI
2022-05-05 13:36:19.816543021+00:00,Q,12.28,3,"['@', 'F', 'I']",56,C,CHI
2022-05-05 13:36:19.816577734+00:00,Q,12.28,3,"['@', 'F', 'I']",57,C,CHI
2022-05-05 13:36:19.816612538+00:00,Q,12.28,3,"['@', 'F', 'I']",58,C,CHI
2022-05-05 13:36:19.816646627+00:00,Q,12.28,3,"['@', 'F', 'I']",59,C,CHI
2022-05-05 13:36:19.816680012+00:00,Q,12.28,3,"['@', 'F', 'I']",60,C,CHI
2022-05-05 13:36:19.816714250+00:00,Q,12.28,3,"['@', 'F', 'I']",61,C,CHI
2022-05-05 13:36:19.816749125+00:00,Q,12.28,3,"['@', 'F', 'I']",62,C,CHI
2022-05-05 13:36:19.816782827+00:00,Q,12.28,3,"['@', 'F', 'I']",63,C,CHI
2022-05-05 13:36:19.816817465+00:00,Q,12.28,3,"['@', 'F', 'I']",64,C,CHI
2022-05-05 13:36:19.816852983+00:00,Q,12.28,3,"['@', 'F', 'I']",65,C,CHI
2022-05-05 13:36:19.816886918+00:00,Q,12.28,3,"['@', 'F', 'I']",66,C,CHI
2022-05-05 13:36:19.816921077+00:00,Q,12.28,3,"['@', 'F', 'I']",67,C,CHI
2022-05-05 13:36:19.816955238+00:00,Q,12.28,3,"['@', 'F', 'I']",68,C,CHI
2022-05-05 13:36:19.816989843+00:00,Q,12.28,3,"['@', 'F', 'I']",69,C,CHI
2022-05-05 13:36:19.817024932+00:00,Q,12.28,3,"['@', 'F', 'I']",70,C,CHI
2022-05-05 13:36:19.817058449+00:00,Q,12.28,3,"['@', 'F', 'I']",71,C,CHI
2022-05-05 13:36:20.179281203+00:00,Q,12.27,10,"['@', 'I']",72,C,CHI
2022-05-05 13:36:25.554355105+00:00,D,12.3,2,"['@', 'I']",6,C,CHI
2022-05-05 13:36:26.071230208+00:00,P,12.27,228,"['@', 'F']",72,C,CHI
2022-05-05 13:36:40.187983360+00:00,P,12.26,32,"['@', 'F', 'I']",73,C,CHI
2022-05-05 13:36:40.187995648+00:00,P,12.26,32,"['@', 'F', 'I']",74,C,CHI
2022-05-05 13:36:40.187995904+00:00,P,12.26,32,"['@', 'F', 'I']",75,C,CHI
2022-05-05 13:36:42.205727+00:00,Z,12.27,600,"['@', 'F']",2,C,CHI
2022-05-05 13:36:42.205759+00:00,Z,12.27,100,['@'],3,C,CHI
2022-05-05 13:36:42.205831+00:00,Z,12.27,71,"['@', 'I']",4,C,CHI
2022-05-05 13:36:42.205864+00:00,Z,12.27,33,"['@', 'I']",5,C,CHI
2022-05-05 13:36:42.206399127+00:00,V,12.31,100,['@'],2,C,CHI
2022-05-05 13:36:42.206399127+00:00,V,12.31,100,['@'],3,C,CHI
2022-05-05 13:36:45.530419334+00:00,V,12.31,200,['@'],4,C,CHI
2022-05-05 13:36:48.598098613+00:00,V,12.31,100,['@'],5,C,CHI
2022-05-05 13:36:48.598947440+00:00,Q,12.31,100,"['@', 'F']",73,C,CHI
2022-05-05 13:36:51.626343185+00:00,Q,12.3,200,"['@', 'F']",74,C,CHI
2022-05-05 13:36:57.682859+00:00,Q,12.31,100,"['@', 'F']",75,C,CHI
2022-05-05 13:36:57.682859+00:00,Q,12.31,100,"['@', 'F']",76,C,CHI
2022-05-05 13:37:05.780503623+00:00,Q,12.31,200,"['@', 'F']",77,C,CHI
2022-05-05 13:37:15.866655933+00:00,Q,12.31,52,"['@', 'F', 'I']",78,C,CHI
2022-05-05 13:37:15.866655933+00:00,Q,12.31,148,"['@', 'F']",79,C,CHI
2022-05-05 13:37:23.922114395+00:00,V,12.31,100,['@'],6,C,CHI
2022-05-05 13:37:23.922915004+00:00,Q,12.31,100,"['@', 'F']",80,C,CHI
2022-05-05 13:37:26.965552864+00:00,V,12.31,100,['@'],7,C,CHI
2022-05-05 13:37:26.966376601+00:00,Q,12.31,100,"['@', 'F']",81,C,CHI
2022-05-05 13:37:30.999256062+00:00,V,12.31,100,['@'],8,C,CHI
2022-05-05 13:37:31.000099015+00:00,Q,12.31,100,"['@', 'F']",82,C,CHI
2022-05-05 13:37:46.126302463+00:00,Q,12.31,200,"['@', 'F']",83,C,CHI
2022-05-05 13:39:40.486110306+00:00,D,12.29,2000,['@'],7,C,CHI
2022-05-05 13:39:52.418576+00:00,J,12.33,1,"['@', 'F', 'I']",2,C,CHI
2022-05-05 13:40:15.371019+00:00,J,12.33,100,['@'],3,C,CHI
2022-05-05 13:40:15.371224148+00:00,Q,12.3,100,"['@', 'F']",84,C,CHI
2022-05-05 13:40:15.371918682+00:00,Q,12.3,300,"['@', 'F']",85,C,CHI
2022-05-05 13:42:52.092073354+00:00,D,12.2957,2000,['@'],8,C,CHI
2022-05-05 13:43:15.042941806+00:00,Q,12.29,200,"['@', 'F']",86,C,CHI
2022-05-05 13:43:19.068616935+00:00,Q,12.29,200,"['@', 'F']",87,C,CHI
2022-05-05 13:43:25.102209886+00:00,Q,12.29,125,"['@', 'F']",88,C,CHI
2022-05-05 13:44:18.173578+00:00,D,12.26,300,['@'],9,C,CHI
2022-05-05 13:44:18.173596+00:00,Z,12.26,10,"['@', 'F', 'I']",6,C,CHI
2022-05-05 13:44:18.173596+00:00,Z,12.26,77,"['@', 'F', 'I']",7,C,CHI
2022-05-05 13:44:18.173596+00:00,Z,12.25,900,"['@', 'F']",8,C,CHI
2022-05-05 13:44:18.173804020+00:00,Q,12.26,3,"['@', 'F', 'I']",89,C,CHI
2022-05-05 13:44:18.174049327+00:00,V,12.26,77,"['@', 'I']",9,C,CHI
2022-05-05 13:44:19.498127722+00:00,D,12.2433,2,"['@', 'I']",10,C,CHI
2022-05-05 13:44:41.656013885+00:00,U,12.24,100,['@'],1,C,CHI
2022-05-05 13:44:41.656122674+00:00,U,12.24,38,"['@', 'F', 'I']",2,C,CHI
2022-05-05 13:44:41.656234501+00:00,U,12.24,38,"['@', 'F', 'I']",3,C,CHI
2022-05-05 13:44:41.656318448+00:00,U,12.24,38,"['@', 'F', 'I']",4,C,CHI
2022-05-05 13:44:41.656394394+00:00,U,12.24,38,"['@', 'F', 'I']",5,C,CHI
2022-05-05 13:44:41.656399+00:00,Z,12.24,38,"['@', 'F', 'I']",9,C,CHI
2022-05-05 13:44:41.656429056+00:00,P,12.24,4,"['@', 'F', 'I']",76,C,CHI
2022-05-05 13:44:41.656463505+00:00,U,12.24,38,"['@', 'F', 'I']",6,C,CHI
2022-05-05 13:44:41.656496384+00:00,P,12.24,4,"['@', 'F', 'I']",77,C,CHI
2022-05-05 13:44:41.656497+00:00,Z,12.24,38,"['@', 'F', 'I']",10,C,CHI
2022-05-05 13:44:41.656518656+00:00,N,12.24,4,"['@', 'F', 'I']",56,C,CHI
2022-05-05 13:44:41.656535604+00:00,U,12.24,18,"['@', 'F', 'I']",7,C,CHI
2022-05-05 13:44:41.656546816+00:00,P,12.24,4,"['@', 'F', 'I']",78,C,CHI
2022-05-05 13:44:41.656577280+00:00,N,12.24,4,"['@', 'F', 'I']",57,C,CHI
2022-05-05 13:44:41.656581+00:00,Z,12.24,38,"['@', 'F', 'I']",11,C,CHI
2022-05-05 13:44:41.656586+00:00,K,12.24,38,"['@', 'F', 'I']",2,C,CHI
2022-05-05 13:44:41.656595968+00:00,P,12.24,4,"['@', 'F', 'I']",79,C,CHI
2022-05-05 13:44:41.656627200+00:00,N,12.24,4,"['@', 'F', 'I']",58,C,CHI
2022-05-05 13:44:41.656646144+00:00,P,12.24,4,"['@', 'F', 'I']",80,C,CHI
2022-05-05 13:44:41.656663+00:00,Z,12.24,9,"['@', 'F', 'I']",12,C,CHI
2022-05-05 13:44:41.656679424+00:00,N,12.24,4,"['@', 'F', 'I']",59,C,CHI
2022-05-05 13:44:41.656687+00:00,K,12.24,38,"['@', 'F', 'I']",3,C,CHI
2022-05-05 13:44:41.656694784+00:00,P,12.24,4,"['@', 'F', 'I']",81,C,CHI
2022-05-05 13:44:41.656732672+00:00,N,12.24,4,"['@', 'F', 'I']",60,C,CHI
2022-05-05 13:44:41.656745984+00:00,P,12.24,4,"['@', 'F', 'I']",82,C,CHI
2022-05-05 13:44:41.656767+00:00,K,12.24,38,"['@', 'F', 'I']",4,C,CHI
2022-05-05 13:44:41.656783872+00:00,N,12.24,4,"['@', 'F', 'I']",61,C,CHI
2022-05-05 13:44:41.656795904+00:00,P,12.24,4,"['@', 'F', 'I']",83,C,CHI
2022-05-05 13:44:41.656835840+00:00,N,12.24,4,"['@', 'F', 'I']",62,C,CHI
2022-05-05 13:44:41.656845+00:00,K,12.24,9,"['@', 'F', 'I']",5,C,CHI
2022-05-05 13:44:41.656846336+00:00,P,12.24,4,"['@', 'F', 'I']",84,C,CHI
2022-05-05 13:44:41.656888576+00:00,N,12.24,4,"['@', 'F', 'I']",63,C,CHI
2022-05-05 13:44:41.656896+00:00,P,12.24,4,"['@', 'F', 'I']",85,C,CHI
2022-05-05 13:44:41.656937984+00:00,N,12.24,4,"['@', 'F', 'I']",64,C,CHI
2022-05-05 13:44:41.656946432+00:00,P,12.24,4,"['@', 'F', 'I']",86,C,CHI
2022-05-05 13:44:41.656995840+00:00,N,12.24,4,"['@', 'F', 'I']",65,C,CHI
2022-05-05 13:44:41.657000960+00:00,P,12.24,4,"['@', 'F', 'I']",87,C,CHI
2022-05-05 13:44:41.657048832+00:00,N,12.24,4,"['@', 'F', 'I']",66,C,CHI
2022-05-05 13:44:41.657051136+00:00,P,12.24,4,"['@', 'F', 'I']",88,C,CHI
2022-05-05 13:44:41.657102848+00:00,N,12.24,4,"['@', 'F', 'I']",67,C,CHI
2022-05-05 13:44:41.657103616+00:00,P,12.24,4,"['@', 'F', 'I']",89,C,CHI
2022-05-05 13:44:41.657153536+00:00,P,12.24,4,"['@', 'F', 'I']",90,C,CHI
2022-05-05 13:44:41.657153792+00:00,N,12.24,4,"['@', 'F', 'I']",68,C,CHI
2022-05-05 13:44:41.657203200+00:00,P,12.24,4,"['@', 'F', 'I']",91,C,CHI
2022-05-05 13:44:41.657203968+00:00,N,12.24,4,"['@', 'F', 'I']",69,C,CHI
2022-05-05 13:44:41.657253376+00:00,P,12.24,4,"['@', 'F', 'I']",92,C,CHI
2022-05-05 13:44:41.657254144+00:00,N,12.24,4,"['@', 'F', 'I']",70,C,CHI
2022-05-05 13:44:41.657303040+00:00,P,12.24,4,"['@', 'F', 'I']",93,C,CHI
2022-05-05 13:44:41.657352704+00:00,P,12.24,4,"['@', 'F', 'I']",94,C,CHI
2022-05-05 13:44:41.657404416+00:00,P,12.24,4,"['@', 'F', 'I']",95,C,CHI
2022-05-05 13:45:00.474956272+00:00,D,12.26,500,['@'],2,C,CHI
2022-05-05 13:45:00.508381574+00:00,V,12.255,100,['@'],10,C,CHI
2022-05-05 13:45:00.511428+00:00,J,12.22,100,"['@', 'F']",4,C,CHI
2022-05-05 13:45:00.521615163+00:00,V,12.255,300,['@'],11,C,CHI
2022-05-05 13:46:48.484957+00:00,Z,12.255,100,['@'],13,C,CHI
2022-05-05 13:46:57.860529+00:00,D,12.2675,500,['@'],11,C,CHI
2022-05-05 13:46:57.864585+00:00,Z,12.26,300,"['@', 'F']",14,C,CHI
2022-05-05 13:46:59.718162+00:00,D,12.275,500,['@'],12,C,CHI
2022-05-05 13:47:01.172906+00:00,D,12.275,500,['@'],13,C,CHI
2022-05-05 13:47:09.047266+00:00,D,12.275,300,['@'],14,C,CHI
2022-05-05 13:47:09.048993+00:00,Z,12.26,200,"['@', 'F']",15,C,CHI
2022-05-05 13:47:09.051044+00:00,Z,12.26,46,"['@', 'F', 'I']",16,C,CHI
2022-05-05 13:47:10.509402+00:00,D,12.275,200,['@'],15,C,CHI
2022-05-05 13:47:10.511167+00:00,Z,12.26,254,"['@', 'F']",17,C,CHI
2022-05-05 13:47:10.515085300+00:00,Q,12.255,900,"['@', 'F']",90,C,CHI
2022-05-05 13:51:48.099375518+00:00,D,12.2791,41,"['@', 'I']",16,C,CHI
2022-05-05 13:54:33.534000+00:00,D,12.2896,1,"['@', 'I']",17,C,CHI
2022-05-05 13:56:28.046237421+00:00,Q,12.25,77,"['@', 'F', 'I']",91,C,CHI
2022-05-05 14:00:40.474585003+00:00,D,12.2793,2,"['@', 'I']",18,C,CHI
2022-05-05 14:03:06.633000+00:00,D,12.2201,170,['@'],19,C,CHI
2022-05-05 14:04:52.024946+00:00,D,12.24,100,['@'],20,C,CHI
2022-05-05 14:04:52.031320+00:00,D,12.24,77,"['@', 'I']",21,C,CHI
2022-05-05 14:07:28.170030+00:00,K,12.22,100,"['@', 'F']",6,C,CHI
2022-05-05 14:07:28.170030+00:00,K,12.22,4900,"['@', 'F']",7,C,CHI
2022-05-05 14:07:28.170159+00:00,K,12.22,100,"['@', 'F']",8,C,CHI
2022-05-05 14:07:28.170298624+00:00,A,12.22,64,"['@', 'F', 'I']",1,C,CHI
2022-05-05 14:07:28.170299648+00:00,A,12.22,36,"['@', 'F', 'I']",2,C,CHI
2022-05-05 14:07:58.716082+00:00,K,12.2,20,"['@', 'F', 'I']",9,C,CHI
2022-05-05 14:08:14.465266497+00:00,Q,12.19,10,"['@', 'F', 'I']",92,C,CHI
2022-05-05 14:09:28.978640052+00:00,D,12.195,2000,['@'],22,C,CHI
2022-05-05 14:09:55.952421+00:00,K,12.195,100,['@'],10,C,CHI
2022-05-05 14:09:55.952421+00:00,K,12.195,100,['@'],11,C,CHI
2022-05-05 14:09:55.952572859+00:00,Q,12.195,400,['@'],93,C,CHI
2022-05-05 14:09:55.954071+00:00,J,12.21,100,['@'],5,C,CHI
2022-05-05 14:09:55.954098+00:00,Z,12.21,100,['@'],18,C,CHI
2022-05-05 14:09:55.954098+00:00,Z,12.21,100,['@'],19,C,CHI
2022-05-05 14:09:55.954150630+00:00,Q,12.21,100,['@'],94,C,CHI
2022-05-05 14:09:55.954150630+00:00,Q,12.21,100,['@'],95,C,CHI
2022-05-05 14:09:55.954186+00:00,D,12.21,100,['@'],24,C,CHI
2022-05-05 14:09:55.954186+00:00,D,12.21,100,['@'],25,C,CHI
2022-05-05 14:09:55.954296832+00:00,P,12.21,100,['@'],96,C,CHI
2022-05-05 14:09:55.954393541+00:00,V,12.21,100,['@'],12,C,CHI
2022-05-05 14:09:55.954393541+00:00,V,12.21,100,['@'],13,C,CHI
2022-05-05 14:09:55.956850+00:00,D,12.22,40,"['@', 'I']",23,C,CHI
2022-05-05 14:09:55.957611315+00:00,D,12.22,100,['@'],3,C,CHI
2022-05-05 14:09:55.958472514+00:00,Q,12.22,19,"['@', 'I']",96,C,CHI
2022-05-05 14:09:55.967000+00:00,D,12.23,1600,['@'],27,C,CHI
2022-05-05 14:09:55.968011337+00:00,D,12.229,16,"['@', 'I']",26,C,CHI
2022-05-05 14:09:55.969000+00:00,D,12.23,200,['@'],28,C,CHI
2022-05-05 14:09:55.973186652+00:00,Q,12.23,400,['@'],97,C,CHI
2022-05-05 14:09:55.973186652+00:00,Q,12.23,8,"['@', 'I']",98,C,CHI
2022-05-05 14:09:55.986000+00:00,D,12.25,700,['@'],29,C,CHI
2022-05-05 14:09:55.987000+00:00,D,12.25,200,['@'],31,C,CHI
2022-05-05 14:09:55.988973125+00:00,D,12.249,109,['@'],30,C,CHI
2022-05-05 14:09:55.990493571+00:00,Q,12.25,791,['@'],99,C,CHI
2022-05-05 14:09:55.990942465+00:00,D,12.25,4217,['@'],32,C,CHI
2022-05-05 14:10:19.297837521+00:00,Q,12.25,400,"['@', 'F']",100,C,CHI
2022-05-05 14:10:19.300671+00:00,Y,12.26,800,['@'],1,C,CHI
2022-05-05 14:10:19.301117604+00:00,Q,12.25,200,"['@', 'F']",101,C,CHI
2022-05-05 14:10:19.301117604+00:00,Q,12.26,1100,"['@', 'F']",102,C,CHI
2022-05-05 14:10:19.304556246+00:00,Q,12.26,200,"['@', 'F']",103,C,CHI
2022-05-05 14:10:19.304556246+00:00,Q,12.26,400,"['@', 'F']",104,C,CHI
2022-05-05 14:10:19.307538+00:00,Z,12.29,900,['@'],20,C,CHI
2022-05-05 14:10:19.307538+00:00,Z,12.29,400,['@'],21,C,CHI
2022-05-05 14:10:19.307661+00:00,K,12.25,200,['@'],12,C,CHI
2022-05-05 14:10:19.307743232+00:00,P,12.25,100,['@'],97,C,CHI
2022-05-05 14:10:19.307752704+00:00,P,12.25,100,['@'],98,C,CHI
2022-05-05 14:10:19.309000+00:00,D,12.31,5600,['@'],33,C,CHI
2022-05-05 14:12:26.104987368+00:00,V,12.24,32,"['@', 'I']",14,C,CHI
2022-05-05 14:12:26.105204529+00:00,Q,12.24,3,"['@', 'F', 'I']",105,C,CHI
2022-05-05 14:12:26.105255869+00:00,Q,12.24,3,"['@', 'F', 'I']",106,C,CHI
2022-05-05 14:12:26.105291538+00:00,Q,12.24,3,"['@', 'F', 'I']",107,C,CHI
2022-05-05 14:12:26.105326603+00:00,Q,12.24,3,"['@', 'F', 'I']",108,C,CHI
2022-05-05 14:12:26.105361427+00:00,Q,12.24,3,"['@', 'F', 'I']",109,C,CHI
2022-05-05 14:12:26.105396241+00:00,Q,12.24,3,"['@', 'F', 'I']",110,C,CHI
2022-05-05 14:12:26.105431238+00:00,Q,12.24,3,"['@', 'F', 'I']",111,C,CHI
2022-05-05 14:13:35.022957036+00:00,V,12.24,100,['@'],15,C,CHI
2022-05-05 14:15:19.222223+00:00,D,12.2164,1000,['@'],34,C,CHI
2022-05-05 14:16:30.839000+00:00,D,12.245,13,"['@', 'I']",35,C,CHI
2022-05-05 14:17:20.985721656+00:00,D,12.22,5,"['@', 'I']",36,C,CHI
2022-05-05 14:20:18.985000+00:00,D,12.2549,82,"['@', 'I']",37,C,CHI
2022-05-05 14:20:18.992264970+00:00,D,12.25,100,['@'],4,C,CHI
2022-05-05 14:21:06.431934353+00:00,D,12.267,425,['@'],38,C,CHI
2022-05-05 14:23:15.002965645+00:00,D,12.2789,3,"['@', 'I']",39,C,CHI
2022-05-05 14:23:24.599410036+00:00,Q,12.25,10,"['@', 'F', 'I']",112,C,CHI
2022-05-05 14:23:24.599528022+00:00,D,12.25,100,['@'],40,C,CHI
2022-05-05 14:24:15.270344532+00:00,Q,12.24,100,['@'],113,C,CHI
2022-05-05 14:24:44.967463+00:00,D,12.2499,100,['@'],41,C,CHI
2022-05-05 14:26:00.752000+00:00,D,12.21,259,['@'],42,C,CHI
2022-05-05 14:27:55.929623910+00:00,Q,12.23,100,['@'],114,C,CHI
2022-05-05 14:27:55.930175262+00:00,Q,12.23,100,['@'],115,C,CHI
2022-05-05 14:28:57.540220097+00:00,D,12.2425,41,"['@', 'I']",43,C,CHI
2022-05-05 14:29:08.597852678+00:00,Q,12.23,400,['@'],116,C,CHI
2022-05-05 14:29:08.599827288+00:00,Q,12.23,400,['@'],117,C,CHI
2022-05-05 14:29:08.601796952+00:00,Q,12.23,239,['@'],118,C,CHI
2022-05-05 14:29:08.603098+00:00,D,12.23,1521,['@'],44,C,CHI
2022-05-05 14:29:08.603137+00:00,D,12.23,439,['@'],45,C,CHI
2022-05-05 14:29:40.574630484+00:00,D,12.2484,5,"['@', 'I']",46,C,CHI
2022-05-05 14:31:25.213665444+00:00,Q,12.23,200,['@'],119,C,CHI
2022-05-05 14:32:22.898914+00:00,D,12.2496,100,['@'],5,C,CHI
2022-05-05 14:34:37.752460964+00:00,D,12.21,300,['@'],47,C,CHI
2022-05-05 14:34:45.496612818+00:00,Q,12.23,200,['@'],120,C,CHI
2022-05-05 14:36:16.439000+00:00,D,12.231,254,['@'],48,C,CHI
2022-05-05 14:36:35.351244423+00:00,D,12.23,100,['@'],49,C,CHI
2022-05-05 14:38:49.231000+00:00,D,12.2298,31,"['@', 'I']",50,C,CHI
2022-05-05 14:38:50.789417457+00:00,Q,12.23,200,['@'],121,C,CHI
2022-05-05 14:40:54.554798080+00:00,N,12.21,55,"['@', 'I']",71,C,CHI
2022-05-05 14:40:54.555032+00:00,K,12.21,45,"['@', 'I']",13,C,CHI
2022-05-05 14:41:38.961952403+00:00,U,12.21,2,"['@', 'F', 'I']",8,C,CHI
2022-05-05 14:41:38.961967+00:00,K,12.21,50,"['@', 'F', 'I']",14,C,CHI
2022-05-05 14:41:38.962057472+00:00,N,12.21,45,"['@', 'F', 'I']",72,C,CHI
2022-05-05 14:41:38.962098+00:00,Z,12.21,100,"['@', 'F']",22,C,CHI
2022-05-05 14:41:38.962110464+00:00,P,12.21,64,"['@', 'F', 'I']",99,C,CHI
2022-05-05 14:41:38.962113757+00:00,U,12.21,3,"['@', 'F', 'I']",9,C,CHI
2022-05-05 14:41:38.962119424+00:00,P,12.21,36,"['@', 'F', 'I']",100,C,CHI
2022-05-05 14:41:38.962157186+00:00,Q,12.21,67,"['@', 'F', 'I']",122,C,CHI
2022-05-05 14:41:38.962180+00:00,K,12.2,126,"['@', 'F']",15,C,CHI
2022-05-05 14:41:38.962256+00:00,K,12.21,43,"['@', 'F', 'I']",16,C,CHI
2022-05-05 14:41:38.962256+00:00,K,12.2,2,"['@', 'F', 'I']",17,C,CHI
2022-05-05 14:41:38.962446+00:00,K,12.2,29,"['@', 'F', 'I']",18,C,CHI
2022-05-05 14:41:38.962466+00:00,K,12.2,24,"['@', 'F', 'I']",19,C,CHI
2022-05-05 14:41:38.962502+00:00,K,12.2,8,"['@', 'I']",20,C,CHI
2022-05-05 14:41:38.962517+00:00,K,12.2,11,"['@', 'I']",21,C,CHI
2022-05-05 14:42:24.151000+00:00,D,12.2099,2,"['@', 'I']",6,C,CHI
2022-05-05 14:42:34.557937+00:00,K,12.2,71,"['@', 'F', 'I']",22,C,CHI
2022-05-05 14:42:34.558134+00:00,K,12.2,48,"['@', 'F', 'I']",23,C,CHI
2022-05-05 14:42:34.558153+00:00,K,12.2,24,"['@', 'F', 'I']",24,C,CHI
2022-05-05 14:42:34.558209+00:00,K,12.2,64,"['@', 'F', 'I']",25,C,CHI
2022-05-05 14:42:34.558244+00:00,K,12.2,49,"['@', 'F', 'I']",26,C,CHI
2022-05-05 14:43:09.182319+00:00,K,12.2,129,"['@', 'F']",27,C,CHI
2022-05-05 14:43:09.182319+00:00,K,12.2,75,"['@', 'F', 'I']",28,C,CHI
2022-05-05 14:43:09.182427+00:00,Z,12.2,100,"['@', 'F']",23,C,CHI
2022-05-05 14:43:09.182430856+00:00,Q,12.2,69,"['@', 'F', 'I']",123,C,CHI
2022-05-05 14:43:09.182569+00:00,K,12.2,14,"['@', 'I']",29,C,CHI
2022-05-05 14:43:18.590242905+00:00,D,12.1948,100,['@'],51,C,CHI
2022-05-05 14:43:35.825250856+00:00,Q,12.2,200,['@'],124,C,CHI
2022-05-05 14:43:35.825250856+00:00,Q,12.2,23,"['@', 'I']",125,C,CHI
2022-05-05 14:43:35.825292107+00:00,Q,12.2,77,"['@', 'I']",126,C,CHI
2022-05-05 14:44:28.190000+00:00,D,12.2161,200,['@'],52,C,CHI
2022-05-05 14:46:04.383000+00:00,D,12.23,670,['@'],53,C,CHI
2022-05-05 14:48:56.646608505+00:00,Q,12.22,200,['@'],127,C,CHI
2022-05-05 14:53:13.185000+00:00,D,12.23,100,['@'],54,C,CHI
2022-05-05 14:53:13.186000+00:00,D,12.23,100,['@'],55,C,CHI
2022-05-05 14:53:40.631000+00:00,D,12.218,100,['@'],7,C,CHI
2022-05-05 14:54:00.560000+00:00,D,12.19,127,['@'],56,C,CHI
2022-05-05 14:57:12.502342265+00:00,Q,12.23,500,['@'],128,C,CHI
2022-05-05 14:57:12.536437384+00:00,Q,12.23,161,['@'],129,C,CHI
2022-05-05 14:57:12.536437384+00:00,Q,12.23,139,['@'],130,C,CHI
2022-05-05 14:57:13.966928979+00:00,Q,12.23,64,"['@', 'I']",131,C,CHI
2022-05-05 14:57:13.967004195+00:00,Q,12.23,29,"['@', 'I']",132,C,CHI
2022-05-05 14:57:27.471399717+00:00,Q,12.23,200,['@'],133,C,CHI
2022-05-05 14:57:48.779908+00:00,K,12.21,42,"['@', 'F', 'I']",30,C,CHI
2022-05-05 14:57:48.779923+00:00,Z,12.21,100,"['@', 'F']",24,C,CHI
2022-05-05 14:57:48.779973489+00:00,Q,12.21,11,"['@', 'F', 'I']",134,C,CHI
2022-05-05 14:57:48.780199222+00:00,V,12.21,100,['@'],16,C,CHI
2022-05-05 14:57:48.780565205+00:00,Q,12.21,52,"['@', 'I']",135,C,CHI
2022-05-05 14:57:48.781071634+00:00,Q,12.21,19,"['@', 'I']",136,C,CHI
2022-05-05 14:57:48.781149755+00:00,Q,12.21,10,"['@', 'I']",137,C,CHI
2022-05-05 14:57:48.781489273+00:00,Q,12.21,17,"['@', 'F', 'I']",138,C,CHI
2022-05-05 14:57:48.781489273+00:00,Q,12.21,10,"['@', 'F', 'I']",139,C,CHI
2022-05-05 14:58:00.375000+00:00,D,12.24,1000,['@'],57,C,CHI
2022-05-05 15:00:52.191953382+00:00,Q,12.215,400,['@'],140,C,CHI
2022-05-05 15:00:52.191992793+00:00,Q,12.22,3,"['@', 'F', 'I']",141,C,CHI
2022-05-05 15:00:52.192044223+00:00,Q,12.22,3,"['@', 'F', 'I']",142,C,CHI
2022-05-05 15:00:52.192079254+00:00,Q,12.22,3,"['@', 'F', 'I']",143,C,CHI
2022-05-05 15:00:52.192114922+00:00,Q,12.22,3,"['@', 'F', 'I']",144,C,CHI
2022-05-05 15:00:52.192148933+00:00,Q,12.22,3,"['@', 'F', 'I']",145,C,CHI
2022-05-05 15:00:52.192182279+00:00,Q,12.22,3,"['@', 'F', 'I']",146,C,CHI
2022-05-05 15:00:52.192215916+00:00,Q,12.22,3,"['@', 'F', 'I']",147,C,CHI
2022-05-05 15:00:52.192255469+00:00,Q,12.22,3,"['@', 'F', 'I']",148,C,CHI
2022-05-05 15:00:52.192289166+00:00,Q,12.22,3,"['@', 'F', 'I']",149,C,CHI
2022-05-05 15:00:52.192323510+00:00,Q,12.22,3,"['@', 'F', 'I']",150,C,CHI
2022-05-05 15:00:52.192356811+00:00,Q,12.22,3,"['@', 'F', 'I']",151,C,CHI
2022-05-05 15:00:52.192392029+00:00,Q,12.22,3,"['@', 'F', 'I']",152,C,CHI
2022-05-05 15:00:52.192426178+00:00,Q,12.22,3,"['@', 'F', 'I']",153,C,CHI
2022-05-05 15:00:52.192461+00:00,Q,12.22,3,"['@', 'F', 'I']",154,C,CHI
2022-05-05 15:00:52.192494387+00:00,Q,12.22,3,"['@', 'F', 'I']",155,C,CHI
2022-05-05 15:00:52.192528028+00:00,Q,12.22,3,"['@', 'F', 'I']",156,C,CHI
2022-05-05 15:00:52.192561520+00:00,Q,12.22,3,"['@', 'F', 'I']",157,C,CHI
2022-05-05 15:00:52.192595483+00:00,Q,12.22,3,"['@', 'F', 'I']",158,C,CHI
2022-05-05 15:00:52.192629397+00:00,Q,12.22,3,"['@', 'F', 'I']",159,C,CHI
2022-05-05 15:00:52.192663863+00:00,Q,12.22,3,"['@', 'F', 'I']",160,C,CHI
2022-05-05 15:00:52.192700364+00:00,Q,12.22,3,"['@', 'F', 'I']",161,C,CHI
2022-05-05 15:00:52.192734361+00:00,Q,12.22,3,"['@', 'F', 'I']",162,C,CHI
2022-05-05 15:00:52.192770279+00:00,Q,12.22,3,"['@', 'F', 'I']",163,C,CHI
2022-05-05 15:00:52.192804442+00:00,Q,12.22,3,"['@', 'F', 'I']",164,C,CHI
2022-05-05 15:00:52.192838463+00:00,Q,12.22,3,"['@', 'F', 'I']",165,C,CHI
2022-05-05 15:00:52.192875187+00:00,Q,12.22,3,"['@', 'F', 'I']",166,C,CHI
2022-05-05 15:00:52.192909291+00:00,Q,12.22,3,"['@', 'F', 'I']",167,C,CHI
2022-05-05 15:00:52.192943599+00:00,Q,12.22,3,"['@', 'F', 'I']",168,C,CHI
2022-05-05 15:00:52.192976795+00:00,Q,12.22,3,"['@', 'F', 'I']",169,C,CHI
2022-05-05 15:00:52.193011763+00:00,Q,12.22,3,"['@', 'F', 'I']",170,C,CHI
2022-05-05 15:00:52.193060832+00:00,Q,12.22,3,"['@', 'F', 'I']",171,C,CHI
2022-05-05 15:00:52.193095173+00:00,Q,12.22,3,"['@', 'F', 'I']",172,C,CHI
2022-05-05 15:00:52.193582539+00:00,Q,12.22,3,"['@', 'F', 'I']",173,C,CHI
2022-05-05 15:03:18.776602819+00:00,Q,12.21,200,['@'],174,C,CHI
2022-05-05 15:07:02.598417+00:00,K,12.2,56,"['@', 'F', 'I']",31,C,CHI
2022-05-05 15:07:02.598481937+00:00,Q,12.2,112,"['@', 'F']",175,C,CHI
2022-05-05 15:07:02.598520786+00:00,Q,12.2,77,"['@', 'I']",176,C,CHI
2022-05-05 15:07:02.598525696+00:00,P,12.2,100,"['@', 'F']",101,C,CHI
2022-05-05 15:07:02.598549752+00:00,Q,12.2,11,"['@', 'F', 'I']",177,C,CHI
2022-05-05 15:07:02.598549752+00:00,Q,12.2,13,"['@', 'F', 'I']",178,C,CHI
2022-05-05 15:07:02.598632+00:00,Z,12.2,66,"['@', 'F', 'I']",25,C,CHI
2022-05-05 15:07:02.598673+00:00,Z,12.2,34,"['@', 'I']",26,C,CHI
2022-05-05 15:07:02.598709323+00:00,Q,12.2,43,"['@', 'I']",179,C,CHI
2022-05-05 15:07:02.600798+00:00,K,12.2,15,"['@', 'I']",32,C,CHI
2022-05-05 15:07:30.527463+00:00,Y,12.19,24,"['@', 'F', 'I']",2,C,CHI
2022-05-05 15:07:30.527719+00:00,Y,12.19,34,"['@', 'F', 'I']",3,C,CHI
2022-05-05 15:07:32.146243+00:00,Y,12.19,24,"['@', 'F', 'I']",4,C,CHI
2022-05-05 15:07:33.026818+00:00,D,12.19,100,['@'],1,C,CHI
2022-05-05 15:07:33.028884+00:00,Z,12.19,58,"['@', 'I']",27,C,CHI
2022-05-05 15:07:33.028919+00:00,K,12.19,201,"['@', 'F']",33,C,CHI
2022-05-05 15:07:33.029731+00:00,Z,12.19,24,"['@', 'F', 'I']",28,C,CHI
2022-05-05 15:07:33.259808+00:00,Z,12.19,18,"['@', 'F', 'I']",29,C,CHI
2022-05-05 15:08:10.231918+00:00,K,12.18,9,"['@', 'I']",34,C,CHI
2022-05-05 15:08:52.656039+00:00,K,12.18,1,"['@', 'F', 'I']",35,C,CHI
2022-05-05 15:09:16.140000+00:00,D,12.1701,2929,['@'],58,C,CHI
2022-05-05 15:09:18.129993+00:00,D,12.1701,1,"['@', 'I']",59,C,CHI
2022-05-05 15:09:23.720000+00:00,D,12.1705,14,"['@', 'I']",60,C,CHI
2022-05-05 15:09:23.720055147+00:00,Q,12.18,14,"['@', 'I']",180,C,CHI
2022-05-05 15:09:24.117683+00:00,K,12.17,48,"['@', 'I']",36,C,CHI
2022-05-05 15:09:24.117840056+00:00,U,12.17,100,['@'],10,C,CHI
2022-05-05 15:09:24.141768+00:00,Z,12.17,100,"['@', 'F']",30,C,CHI
2022-05-05 15:09:24.141913706+00:00,Q,12.17,200,"['@', 'F']",181,C,CHI
2022-05-05 15:09:24.141913706+00:00,Q,12.17,42,"['@', 'F', 'I']",182,C,CHI
2022-05-05 15:09:24.142203+00:00,K,12.17,10,"['@', 'I']",37,C,CHI
2022-05-05 15:10:14.739044496+00:00,D,12.1697,100,['@'],61,C,CHI
2022-05-05 15:10:35.175000+00:00,D,12.16,590,['@'],63,C,CHI
2022-05-05 15:10:35.175730722+00:00,D,12.1601,201,['@'],62,C,CHI
2022-05-05 15:10:36.109358762+00:00,Q,12.17,100,"['@', 'F']",183,C,CHI
2022-05-05 15:10:36.115302809+00:00,Q,12.18,21,"['@', 'I']",184,C,CHI
2022-05-05 15:10:36.947145+00:00,D,12.16,1,"['@', 'I']",64,C,CHI
2022-05-05 15:10:47.924000+00:00,D,12.17,52,"['@', 'I']",65,C,CHI
2022-05-05 15:14:46.308135498+00:00,Q,12.18,89,"['@', 'F', 'I']",185,C,CHI
2022-05-05 15:14:46.308428417+00:00,Q,12.18,90,"['@', 'I']",186,C,CHI
2022-05-05 15:15:08.397471+00:00,D,12.19,50,"['@', 'I']",67,C,CHI
2022-05-05 15:15:08.397511+00:00,D,12.19,25,"['@', 'I']",66,C,CHI
2022-05-05 15:15:08.401182878+00:00,Q,12.19,125,['@'],187,C,CHI
2022-05-05 15:18:12.695000+00:00,D,12.19,25,"['@', 'I']",68,C,CHI
2022-05-05 15:18:12.699581+00:00,D,12.19,25,"['@', 'I']",69,C,CHI
2022-05-05 15:18:12.723724194+00:00,Q,12.19,216,"['@', 'F']",188,C,CHI
2022-05-05 15:18:12.723724194+00:00,Q,12.19,300,"['@', 'F']",189,C,CHI
2022-05-05 15:18:12.976254+00:00,D,12.2175,184,['@'],70,C,CHI
2022-05-05 15:18:57.397615548+00:00,D,12.2184,5,"['@', 'I']",71,C,CHI
2022-05-05 15:19:15.945013758+00:00,Q,12.22,100,['@'],190,C,CHI
2022-05-05 15:19:15.945013758+00:00,Q,12.22,6,"['@', 'I']",191,C,CHI
2022-05-05 15:19:15.945042666+00:00,Q,12.22,94,"['@', 'I']",192,C,CHI
2022-05-05 15:19:33.526000+00:00,D,12.22,276,['@'],72,C,CHI
2022-05-05 15:20:08.304351+00:00,K,12.2,100,"['@', 'F']",38,C,CHI
2022-05-05 15:20:08.304360+00:00,Z,12.2,100,"['@', 'F']",31,C,CHI
2022-05-05 15:20:08.304496606+00:00,Q,12.2,100,"['@', 'F']",193,C,CHI
2022-05-05 15:20:08.304669+00:00,K,12.2,100,['@'],39,C,CHI
2022-05-05 15:20:08.305022808+00:00,Q,12.2,90,"['@', 'I']",194,C,CHI
2022-05-05 15:20:08.305136502+00:00,Q,12.2,10,"['@', 'I']",195,C,CHI
2022-05-05 15:20:08.305232+00:00,K,12.195,100,['@'],40,C,CHI
2022-05-05 15:24:27.119000+00:00,D,12.17,400,['@'],73,C,CHI
2022-05-05 15:24:27.141340+00:00,K,12.17,400,"['@', 'F']",41,C,CHI
2022-05-05 15:24:27.141340+00:00,K,12.17,100,"['@', 'F']",42,C,CHI
2022-05-05 15:24:27.141343+00:00,Z,12.17,100,"['@', 'F']",32,C,CHI
2022-05-05 15:24:27.141557504+00:00,P,12.17,100,"['@', 'F']",102,C,CHI
2022-05-05 15:24:27.143564+00:00,K,12.16,329,['@'],43,C,CHI
2022-05-05 15:24:27.143710111+00:00,U,12.15,25,"['@', 'I']",11,C,CHI
2022-05-05 15:24:27.143744590+00:00,Q,12.16,82,"['@', 'I']",196,C,CHI
2022-05-05 15:27:02.484000+00:00,D,12.1787,674,['@'],74,C,CHI
2022-05-05 15:29:40.733746465+00:00,D,12.1859,151,['@'],8,C,CHI
2022-05-05 15:30:44.307870460+00:00,Q,12.19,200,['@'],197,C,CHI
2022-05-05 15:31:42.502318479+00:00,D,12.17,8,"['@', 'I']",75,C,CHI
2022-05-05 15:31:43.996996+00:00,K,12.195,50,"['@', 'I']",44,C,CHI
2022-05-05 15:32:01.302000+00:00,D,12.1947,500,['@'],9,C,CHI
2022-05-05 15:33:21.265864884+00:00,D,12.17,1016,['@'],76,C,CHI
2022-05-05 15:35:48.107046159+00:00,Q,12.22,200,['@'],198,C,CHI
2022-05-05 15:37:21.806174+00:00,D,12.2189,23,"['@', 'I']",77,C,CHI
2022-05-05 15:39:43.004000+00:00,D,12.205,422,['@'],78,C,CHI
2022-05-05 15:40:18.144141658+00:00,Q,12.22,107,['@'],199,C,CHI
2022-05-05 15:40:18.144141658+00:00,Q,12.23,93,"['@', 'I']",200,C,CHI
2022-05-05 15:40:40.294262234+00:00,Q,12.205,400,['@'],201,C,CHI
2022-05-05 15:41:28.308627494+00:00,D,12.227,10,"['@', 'I']",79,C,CHI
2022-05-05 15:43:03.654000+00:00,D,12.2122,200,['@'],10,C,CHI
2022-05-05 15:43:54.906819184+00:00,D,12.19,201,['@'],80,C,CHI
2022-05-05 15:44:57.185252902+00:00,Q,12.21,200,['@'],202,C,CHI
2022-05-05 15:44:59.032269784+00:00,D,12.19,201,['@'],81,C,CHI
2022-05-05 15:46:20.622889923+00:00,D,12.2,100,['@'],11,C,CHI
2022-05-05 15:48:41.962737864+00:00,D,12.221,121,['@'],82,C,CHI
2022-05-05 15:48:41.962810856+00:00,D,12.221,59,"['@', 'I']",83,C,CHI
2022-05-05 15:49:38.481135056+00:00,Q,12.21,200,['@'],203,C,CHI
2022-05-05 15:49:51.847612+00:00,D,12.23,100,['@'],84,C,CHI
2022-05-05 15:49:51.849333+00:00,K,12.23,71,"['@', 'I']",45,C,CHI
2022-05-05 15:51:23.863081110+00:00,D,12.21,100,['@'],12,C,CHI
2022-05-05 15:51:24.218455433+00:00,D,12.2232,500,['@'],85,C,CHI
2022-05-05 15:52:53.827000+00:00,D,12.19,3800,['@'],86,C,CHI
2022-05-05 15:52:53.828000+00:00,D,12.205,1200,['@'],87,C,CHI
2022-05-05 15:52:53.830420254+00:00,Q,12.205,100,['@'],204,C,CHI
2022-05-05 15:52:55.549468074+00:00,Q,12.205,100,['@'],205,C,CHI
2022-05-05 15:53:00.551001857+00:00,Q,12.205,100,['@'],206,C,CHI
2022-05-05 15:53:05.549457958+00:00,Q,12.205,100,['@'],207,C,CHI
2022-05-05 15:53:34.102735+00:00,K,12.205,10,"['@', 'I']",46,C,CHI
2022-05-05 15:53:34.102759021+00:00,U,12.19,42,"['@', 'I']",12,C,CHI
2022-05-05 15:53:34.102843+00:00,K,12.205,38,"['@', 'F', 'I']",47,C,CHI
2022-05-05 15:53:43.447548709+00:00,D,12.19,195,['@'],88,C,CHI
2022-05-05 15:53:44.843000+00:00,D,12.2015,100,['@'],90,C,CHI
2022-05-05 15:53:44.843792+00:00,D,12.205,100,['@'],89,C,CHI
2022-05-05 15:53:44.846000+00:00,D,12.2015,100,['@'],93,C,CHI
2022-05-05 15:53:44.846000+00:00,D,12.2015,31,"['@', 'I']",94,C,CHI
2022-05-05 15:53:44.846220567+00:00,D,12.205,100,['@'],91,C,CHI
2022-05-05 15:53:44.846220567+00:00,D,12.205,31,"['@', 'I']",92,C,CHI
2022-05-05 15:53:44.876000+00:00,D,12.2015,118,['@'],96,C,CHI
2022-05-05 15:53:44.876095+00:00,D,12.205,118,['@'],95,C,CHI
2022-05-05 15:53:44.896194936+00:00,D,12.205,100,['@'],97,C,CHI
2022-05-05 15:53:44.902000+00:00,D,12.2015,100,['@'],98,C,CHI
2022-05-05 15:53:44.909000+00:00,D,12.2015,100,['@'],99,C,CHI
2022-05-05 15:53:44.909285+00:00,K,12.205,100,['@'],48,C,CHI
2022-05-05 15:53:44.916079+00:00,D,12.19,100,['@'],100,C,CHI
2022-05-05 15:53:44.922441+00:00,D,12.19,10,"['@', 'I']",2,C,CHI
2022-05-05 15:53:44.925430+00:00,K,12.19,42,"['@', 'I']",49,C,CHI
2022-05-05 15:53:44.925430+00:00,K,12.19,33,"['@', 'I']",50,C,CHI
2022-05-05 15:53:44.925434+00:00,Z,12.19,100,"['@', 'F']",33,C,CHI
2022-05-05 15:53:44.925538+00:00,K,12.19,9,"['@', 'F', 'I']",51,C,CHI
2022-05-05 15:53:44.925538+00:00,K,12.19,42,"['@', 'F', 'I']",52,C,CHI
2022-05-05 15:53:44.925538+00:00,K,12.19,84,"['@', 'F', 'I']",53,C,CHI
2022-05-05 15:53:44.925605+00:00,K,12.19,84,"['@', 'I']",54,C,CHI
2022-05-05 15:53:44.925637238+00:00,Q,12.19,100,['@'],208,C,CHI
2022-05-05 15:53:44.925651200+00:00,N,12.19,83,"['@', 'I']",73,C,CHI
2022-05-05 15:53:44.925655040+00:00,P,12.19,19,"['@', 'F', 'I']",103,C,CHI
2022-05-05 15:53:44.925663488+00:00,N,12.19,17,"['@', 'I']",74,C,CHI
2022-05-05 15:53:44.925669376+00:00,P,12.19,81,"['@', 'I']",104,C,CHI
2022-05-05 15:53:44.925669376+00:00,P,12.19,5,"['@', 'I']",105,C,CHI
2022-05-05 15:53:50.550795+00:00,K,12.18,35,"['@', 'I']",55,C,CHI
2022-05-05 15:53:50.550795+00:00,K,12.18,65,"['@', 'I']",56,C,CHI
2022-05-05 15:54:20.002849+00:00,K,12.17,100,"['@', 'F']",57,C,CHI
2022-05-05 15:54:20.002904320+00:00,N,12.17,200,"['@', 'F']",75,C,CHI
2022-05-05 15:54:20.002928274+00:00,Q,12.17,100,"['@', 'F']",209,C,CHI
2022-05-05 15:54:20.002928274+00:00,Q,12.17,100,"['@', 'F']",210,C,CHI
2022-05-05 15:54:20.003049398+00:00,D,12.18,100,['@'],101,C,CHI
2022-05-05 15:54:20.003051147+00:00,D,12.18,64,"['@', 'I']",102,C,CHI
2022-05-05 15:54:20.003111+00:00,K,12.17,19,"['@', 'I']",58,C,CHI
2022-05-05 15:54:20.003138+00:00,K,12.17,47,"['@', 'I']",59,C,CHI
2022-05-05 15:54:20.003326+00:00,K,12.17,38,"['@', 'I']",60,C,CHI
2022-05-05 15:54:20.003326+00:00,K,12.17,100,['@'],61,C,CHI
2022-05-05 15:54:20.003459319+00:00,Q,12.17,100,['@'],211,C,CHI
2022-05-05 15:54:20.015791+00:00,Z,12.17,100,"['@', 'F']",34,C,CHI
2022-05-05 15:54:20.019200976+00:00,Q,12.18,100,['@'],212,C,CHI
2022-05-05 15:54:20.019200976+00:00,Q,12.17,64,"['@', 'I']",213,C,CHI
2022-05-05 15:54:20.019342+00:00,K,12.18,23,"['@', 'I']",62,C,CHI
2022-05-05 15:54:25.657764374+00:00,D,12.165,100,['@'],103,C,CHI
2022-05-05 15:54:25.657764374+00:00,D,12.165,100,['@'],104,C,CHI
2022-05-05 15:54:25.659000+00:00,D,12.1606,100,['@'],105,C,CHI
2022-05-05 15:54:25.662000+00:00,D,12.1606,100,['@'],106,C,CHI
2022-05-05 15:54:25.912359295+00:00,Q,12.16,23,"['@', 'F', 'I']",214,C,CHI
2022-05-05 15:54:25.912359295+00:00,Q,12.16,77,"['@', 'F', 'I']",215,C,CHI
2022-05-05 15:55:04.964877+00:00,K,12.165,100,"['@', 'F']",63,C,CHI
