timestamp,exchange,price,size,conditions,id,tape,symbol
2022-05-12 13:25:28.476582407+00:00,D,23.2799,5,"['@', 'T', 'I']",1,C,CCD
2022-05-12 13:28:05.233589421+00:00,Q,22.22,100,"['@', 'F', 'T']",1,C,CCD
2022-05-12 13:28:05.233601326+00:00,B,22.22,100,"['@', 'T']",1,C,CCD
2022-05-12 13:28:05.233700+00:00,K,22.22,26,"['@', 'F', 'T', 'I']",1,C,CCD
2022-05-12 13:28:05.233709+00:00,Z,22.22,23,"['@', 'F', 'T', 'I']",1,C,CCD
2022-05-12 13:28:05.233725+00:00,K,22.22,26,"['@', 'F', 'T', 'I']",2,C,CCD
2022-05-12 13:28:05.233730+00:00,Z,22.22,27,"['@', 'F', 'T', 'I']",2,C,CCD
2022-05-12 13:28:05.233741+00:00,K,22.22,26,"['@', 'F', 'T', 'I']",3,C,CCD
2022-05-12 13:28:05.233754+00:00,K,22.22,22,"['@', 'F', 'T', 'I']",4,C,CCD
2022-05-12 13:28:05.233797632+00:00,P,22.22,100,"['@', 'F', 'T']",1,C,CCD
2022-05-12 13:28:05.233800704+00:00,N,22.22,50,"['@', 'F', 'T', 'I']",1,C,CCD
2022-05-12 13:28:05.233817+00:00,K,22.16,10,"['@', 'T', 'I']",5,C,CCD
2022-05-12 13:28:05.233817+00:00,K,22.15,5,"['@', 'T', 'I']",6,C,CCD
2022-05-12 13:28:05.233854464+00:00,P,22.16,95,"['@', 'T', 'I']",2,C,CCD
2022-05-12 13:29:55.151532+00:00,K,22.03,10,"['@', 'T', 'I']",7,C,CCD
2022-05-12 13:29:55.151718002+00:00,Q,22.0,5,"['@', 'T', 'I']",2,C,CCD
2022-05-12 13:30:01.626867926+00:00,Q,21.86,9194,"['@', 'O', 'X']",3,C,CCD
2022-05-12 13:30:01.626933760+00:00,Q,21.86,9194,"['@', 'Q']",4,C,CCD
2022-05-12 13:30:03.862599703+00:00,D,21.86,105,"['@', '4']",2,C,CCD
2022-05-12 13:30:04.343182288+00:00,Q,22.385,100,['@'],5,C,CCD
2022-05-12 13:30:04.343182288+00:00,Q,22.385,50,"['@', 'I']",6,C,CCD
2022-05-12 13:30:04.343182288+00:00,Q,22.385,100,['@'],7,C,CCD
2022-05-12 13:30:04.343182288+00:00,Q,22.385,95,"['@', 'I']",8,C,CCD
2022-05-12 13:30:04.350377+00:00,Z,22.22,15,"['@', 'I']",3,C,CCD
2022-05-12 13:30:04.350377+00:00,Z,22.22,100,['@'],4,C,CCD
2022-05-12 13:30:04.350377+00:00,Z,22.22,27,"['@', 'I']",5,C,CCD
2022-05-12 13:30:04.350377+00:00,Z,22.22,23,"['@', 'I']",6,C,CCD
2022-05-12 13:30:04.350377+00:00,Z,22.22,100,['@'],7,C,CCD
2022-05-12 13:30:04.358239+00:00,K,22.0,4,"['@', 'F', 'I']",8,C,CCD
2022-05-12 13:30:04.363033+00:00,Y,21.96,100,['@'],1,C,CCD
2022-05-12 13:30:04.363033+00:00,Y,21.96,100,['@'],2,C,CCD
2022-05-12 13:30:04.363033+00:00,Y,21.96,100,['@'],3,C,CCD
2022-05-12 13:30:04.363033+00:00,Y,21.96,100,['@'],4,C,CCD
2022-05-12 13:30:04.363115643+00:00,D,21.945,100,['@'],4,C,CCD
2022-05-12 13:30:04.363115644+00:00,D,21.945,100,['@'],5,C,CCD
2022-05-12 13:30:04.363115645+00:00,D,21.945,100,['@'],6,C,CCD
2022-05-12 13:30:04.363115646+00:00,D,21.945,100,['@'],7,C,CCD
2022-05-12 13:30:04.363192+00:00,D,21.96,100,['@'],8,C,CCD
2022-05-12 13:30:04.363194+00:00,D,21.96,100,['@'],10,C,CCD
2022-05-12 13:30:04.363194+00:00,D,21.96,100,['@'],11,C,CCD
2022-05-12 13:30:04.363195+00:00,D,21.96,100,['@'],12,C,CCD
2022-05-12 13:30:04.363382010+00:00,V,21.96,100,['@'],1,C,CCD
2022-05-12 13:30:04.363382010+00:00,V,21.96,100,['@'],2,C,CCD
2022-05-12 13:30:04.363382010+00:00,V,21.96,100,['@'],3,C,CCD
2022-05-12 13:30:04.363382010+00:00,V,21.96,100,['@'],4,C,CCD
2022-05-12 13:30:04.364911+00:00,K,21.93,10,"['@', 'F', 'I']",9,C,CCD
2022-05-12 13:30:04.366564156+00:00,D,21.85,1600,['@'],9,C,CCD
2022-05-12 13:30:04.367652440+00:00,Q,21.85,5,"['@', 'F', 'I']",9,C,CCD
2022-05-12 13:30:04.367652440+00:00,Q,21.85,954,"['@', 'F']",10,C,CCD
2022-05-12 13:30:04.367871813+00:00,V,21.86,1000,['@'],5,C,CCD
2022-05-12 13:30:04.390315404+00:00,D,21.845,238,['@'],13,C,CCD
2022-05-12 13:30:04.392099+00:00,D,21.85,238,['@'],14,C,CCD
2022-05-12 13:30:04.396745202+00:00,B,21.85,200,"['@', 'F']",2,C,CCD
2022-05-12 13:30:04.397227458+00:00,B,21.85,38,"['@', 'F', 'I']",3,C,CCD
2022-05-12 13:30:06.662000+00:00,D,22.9299,2,"['@', 'I']",15,C,CCD
2022-05-12 13:30:06.948553372+00:00,D,22.93,45,"['@', 'I']",16,C,CCD
2022-05-12 13:30:07.126000+00:00,D,22.375,25,"['@', 'I']",17,C,CCD
2022-05-12 13:30:10.876055109+00:00,D,22.93,3,"['@', 'I']",18,C,CCD
2022-05-12 13:30:53.456772387+00:00,Q,22.375,15,"['@', 'I']",11,C,CCD
2022-05-12 13:30:53.456816661+00:00,Q,21.92,85,"['@', 'F', 'I']",12,C,CCD
2022-05-12 13:30:58.280244369+00:00,V,22.375,15,"['@', 'I']",6,C,CCD
2022-05-12 13:31:02.216320113+00:00,Q,22.02,100,"['@', 'F']",13,C,CCD
2022-05-12 13:31:17.578215+00:00,D,22.37,3,"['@', 'I']",1,C,CCD
2022-05-12 13:31:31.109380669+00:00,D,22.76,201,['@'],19,C,CCD
2022-05-12 13:31:31.178991+00:00,D,22.76,1,"['@', '4', 'I']",20,C,CCD
2022-05-12 13:31:42.431198976+00:00,P,22.54,12,"['@', 'I']",3,C,CCD
2022-05-12 13:31:42.431198976+00:00,P,22.54,12,"['@', 'Q']",4,C,CCD
2022-05-12 13:32:59.269983+00:00,K,22.06,100,['@'],10,C,CCD
2022-05-12 13:35:07.904000+00:00,D,22.3776,5,"['@', 'I']",21,C,CCD
2022-05-12 13:35:18.883000+00:00,D,22.225,500,['@'],22,C,CCD
2022-05-12 13:35:58.380740+00:00,D,21.92,15,"['@', 'I']",23,C,CCD
2022-05-12 13:36:01.360528+00:00,D,21.932,100,['@'],24,C,CCD
2022-05-12 13:36:01.363042056+00:00,Q,21.94,100,['@'],14,C,CCD
2022-05-12 13:36:01.363313371+00:00,V,21.93,100,['@'],7,C,CCD
2022-05-12 13:36:01.370115995+00:00,Q,21.93,100,['@'],15,C,CCD
2022-05-12 13:36:01.370194800+00:00,Q,21.92,100,['@'],16,C,CCD
2022-05-12 13:36:01.370399152+00:00,V,21.93,100,['@'],8,C,CCD
2022-05-12 13:36:01.370497024+00:00,P,21.92,100,['@'],5,C,CCD
2022-05-12 13:36:01.384403+00:00,D,21.882,100,['@'],25,C,CCD
2022-05-12 13:36:01.386946560+00:00,P,21.9,4,"['@', 'I']",6,C,CCD
2022-05-12 13:36:01.389262+00:00,D,21.882,100,['@'],26,C,CCD
2022-05-12 13:36:01.412837+00:00,D,21.84,100,['@'],27,C,CCD
2022-05-12 13:36:01.417852+00:00,D,21.842,100,['@'],28,C,CCD
2022-05-12 13:36:01.431309058+00:00,Q,21.83,300,['@'],17,C,CCD
2022-05-12 13:36:01.431309058+00:00,Q,21.83,100,['@'],18,C,CCD
2022-05-12 13:36:01.466133375+00:00,Q,21.83,300,['@'],19,C,CCD
2022-05-12 13:36:01.489796+00:00,D,21.84,100,['@'],29,C,CCD
2022-05-12 13:36:01.516151281+00:00,Q,21.83,296,['@'],20,C,CCD
2022-05-12 13:36:18.076289413+00:00,Q,21.98,100,"['@', 'F']",21,C,CCD
2022-05-12 13:36:18.122423035+00:00,Q,21.98,100,"['@', 'F']",22,C,CCD
2022-05-12 13:36:18.122615+00:00,K,21.98,100,['@'],11,C,CCD
2022-05-12 13:36:54.856534108+00:00,D,21.84,2,"['@', 'I']",30,C,CCD
2022-05-12 13:36:54.924883212+00:00,D,22.025,6,"['@', 'I']",31,C,CCD
2022-05-12 13:36:54.956672482+00:00,D,22.025,1,"['@', 'I']",32,C,CCD
2022-05-12 13:37:44.222976+00:00,D,21.87,100,['@'],1,C,CCD
2022-05-12 13:40:17.388384994+00:00,D,22.21,50,"['@', 'I']",33,C,CCD
2022-05-12 13:40:22.139000+00:00,D,22.21,5,"['@', 'I']",34,C,CCD
2022-05-12 13:42:30.185000+00:00,D,22.0321,50,"['@', 'I']",2,C,CCD
2022-05-12 13:45:31.683000+00:00,D,21.83,100,['@'],35,C,CCD
2022-05-12 13:46:21.103684042+00:00,V,21.98,100,['@'],9,C,CCD
2022-05-12 13:47:21.274010+00:00,D,22.1,1,"['@', 'I']",36,C,CCD
2022-05-12 13:49:54.755370+00:00,K,22.02,100,['@'],12,C,CCD
2022-05-12 13:50:08.915476719+00:00,Q,22.02,27,"['@', 'I']",23,C,CCD
2022-05-12 13:50:34.224643964+00:00,D,22.3684,168,['@'],37,C,CCD
2022-05-12 13:52:54.365394907+00:00,D,22.41,1,"['@', 'I']",38,C,CCD
2022-05-12 13:53:02.941000+00:00,D,21.8359,100,['@'],39,C,CCD
2022-05-12 13:58:13.497687+00:00,K,21.95,5,"['@', 'I']",13,C,CCD
2022-05-12 13:59:35.246190274+00:00,D,22.155,6,"['@', 'I']",40,C,CCD
2022-05-12 14:00:09.844000+00:00,D,22.2999,200,['@'],41,C,CCD
2022-05-12 14:00:12.982626304+00:00,P,22.1,1,"['@', 'I']",7,C,CCD
2022-05-12 14:00:32.944000+00:00,D,22.1,100,['@'],42,C,CCD
2022-05-12 14:00:38.840000+00:00,D,21.9,100,['@'],43,C,CCD
2022-05-12 14:00:38.840078+00:00,D,21.91,100,['@'],44,C,CCD
2022-05-12 14:00:38.875283719+00:00,D,21.9,100,['@'],45,C,CCD
2022-05-12 14:00:38.896596854+00:00,Q,21.9,1,"['@', 'F', 'I']",24,C,CCD
2022-05-12 14:00:38.896596854+00:00,Q,21.9,100,"['@', 'F']",25,C,CCD
2022-05-12 14:00:43.024000+00:00,D,22.1315,225,['@'],46,C,CCD
2022-05-12 14:00:48.447452944+00:00,Q,21.9,200,['@'],26,C,CCD
2022-05-12 14:00:48.447489226+00:00,Q,21.9,3,"['@', 'F', 'I']",27,C,CCD
2022-05-12 14:00:48.447540563+00:00,Q,21.9,3,"['@', 'F', 'I']",28,C,CCD
2022-05-12 14:00:48.447576392+00:00,Q,21.9,3,"['@', 'F', 'I']",29,C,CCD
2022-05-12 14:00:48.447612846+00:00,Q,21.9,3,"['@', 'F', 'I']",30,C,CCD
2022-05-12 14:00:48.447647218+00:00,Q,21.9,3,"['@', 'F', 'I']",31,C,CCD
2022-05-12 14:00:48.447681280+00:00,Q,21.9,3,"['@', 'F', 'I']",32,C,CCD
2022-05-12 14:00:48.447715165+00:00,Q,21.9,3,"['@', 'F', 'I']",33,C,CCD
2022-05-12 14:00:48.447749227+00:00,Q,21.9,3,"['@', 'F', 'I']",34,C,CCD
2022-05-12 14:00:48.447785372+00:00,Q,21.9,3,"['@', 'F', 'I']",35,C,CCD
2022-05-12 14:00:48.447821713+00:00,Q,21.9,3,"['@', 'F', 'I']",36,C,CCD
2022-05-12 14:00:48.447856401+00:00,Q,21.9,3,"['@', 'F', 'I']",37,C,CCD
2022-05-12 14:00:48.447890992+00:00,Q,21.9,3,"['@', 'F', 'I']",38,C,CCD
2022-05-12 14:00:48.447925605+00:00,Q,21.9,3,"['@', 'F', 'I']",39,C,CCD
2022-05-12 14:00:48.447959343+00:00,Q,21.9,3,"['@', 'F', 'I']",40,C,CCD
2022-05-12 14:00:48.447993343+00:00,Q,21.9,3,"['@', 'F', 'I']",41,C,CCD
2022-05-12 14:00:48.448027019+00:00,Q,21.9,3,"['@', 'F', 'I']",42,C,CCD
2022-05-12 14:00:48.448061587+00:00,Q,21.9,3,"['@', 'F', 'I']",43,C,CCD
2022-05-12 14:00:48.448095226+00:00,Q,21.9,3,"['@', 'F', 'I']",44,C,CCD
2022-05-12 14:00:48.448129317+00:00,Q,21.9,1,"['@', 'F', 'I']",45,C,CCD
2022-05-12 14:00:48.458362+00:00,K,21.85,50,"['@', 'I']",14,C,CCD
2022-05-12 14:00:48.458362+00:00,K,21.85,10,"['@', 'I']",15,C,CCD
2022-05-12 14:00:48.458362+00:00,K,21.85,5,"['@', 'I']",16,C,CCD
2022-05-12 14:00:48.458607+00:00,Z,21.85,100,['@'],8,C,CCD
2022-05-12 14:00:48.458635737+00:00,Q,21.85,100,['@'],46,C,CCD
2022-05-12 14:00:48.458694656+00:00,P,21.85,100,['@'],8,C,CCD
2022-05-12 14:00:59.222806517+00:00,D,21.8549,950,['@'],3,C,CCD
2022-05-12 14:01:15.930615+00:00,D,22.02,100,['@'],47,C,CCD
2022-05-12 14:01:15.935604+00:00,K,21.93,50,"['@', 'I']",17,C,CCD
2022-05-12 14:01:15.935787+00:00,D,22.025,100,['@'],48,C,CCD
2022-05-12 14:01:18.593000+00:00,D,22.045,100,['@'],49,C,CCD
2022-05-12 14:01:20.001713767+00:00,Q,21.9,44,"['@', 'I']",47,C,CCD
2022-05-12 14:01:45.315473828+00:00,D,22.21,2,"['@', 'I']",4,C,CCD
2022-05-12 14:02:34.386000+00:00,D,22.05,400,['@'],50,C,CCD
2022-05-12 14:02:52.321470+00:00,Z,22.05,5,"['@', 'I']",9,C,CCD
2022-05-12 14:04:16.439633871+00:00,D,22.2,63,"['@', 'I']",51,C,CCD
2022-05-12 14:04:58.271739391+00:00,Q,21.9,5,"['@', 'F', 'I']",48,C,CCD
2022-05-12 14:04:58.271739391+00:00,Q,21.9,100,"['@', 'F']",49,C,CCD
2022-05-12 14:04:58.271739391+00:00,Q,21.89,23,"['@', 'F', 'I']",50,C,CCD
2022-05-12 14:04:58.272036+00:00,K,21.99,5,"['@', 'I']",18,C,CCD
2022-05-12 14:04:58.273000+00:00,D,21.9796,23,"['@', 'I']",52,C,CCD
2022-05-12 14:04:58.273000+00:00,D,21.9796,500,['@'],53,C,CCD
2022-05-12 14:05:00.154532549+00:00,Q,22.06,100,"['@', 'F']",51,C,CCD
2022-05-12 14:05:53.899609+00:00,J,22.05,100,"['@', 'F']",1,C,CCD
2022-05-12 14:05:53.901535+00:00,Z,22.04,300,"['@', 'F']",10,C,CCD
2022-05-12 14:05:54.951038+00:00,Z,22.13,100,"['@', 'F']",11,C,CCD
2022-05-12 14:05:54.951038+00:00,Z,22.16,100,"['@', 'F']",12,C,CCD
2022-05-12 14:06:26.255597+00:00,Z,22.05,200,"['@', 'F']",13,C,CCD
2022-05-12 14:07:08.244155577+00:00,V,22.08,100,['@'],10,C,CCD
2022-05-12 14:07:32.580275+00:00,Z,22.06,100,['@'],14,C,CCD
2022-05-12 14:08:12.902433025+00:00,Q,22.01,100,['@'],52,C,CCD
2022-05-12 14:08:12.902433025+00:00,Q,22.0,195,['@'],53,C,CCD
2022-05-12 14:08:12.902436754+00:00,Q,22.0,300,['@'],54,C,CCD
2022-05-12 14:08:12.902446448+00:00,Q,22.0,155,['@'],55,C,CCD
2022-05-12 14:08:12.902446448+00:00,Q,22.0,77,"['@', 'I']",56,C,CCD
2022-05-12 14:08:15.080918374+00:00,Q,22.1,200,"['@', 'F']",57,C,CCD
2022-05-12 14:10:06.566000+00:00,D,21.85,131,['@'],54,C,CCD
2022-05-12 14:10:10.201960962+00:00,Q,21.97,100,['@'],58,C,CCD
2022-05-12 14:10:15.700572738+00:00,Q,21.92,12,"['@', 'I']",59,C,CCD
2022-05-12 14:10:52.373000+00:00,D,21.925,12,"['@', 'I']",55,C,CCD
2022-05-12 14:10:52.374000+00:00,D,21.925,1,"['@', 'I']",5,C,CCD
2022-05-12 14:13:03.243587+00:00,K,22.07,99,"['@', 'I']",19,C,CCD
2022-05-12 14:13:03.244036308+00:00,Q,21.98,5,"['@', 'I']",60,C,CCD
2022-05-12 14:13:04.022227257+00:00,Q,21.98,45,"['@', 'I']",61,C,CCD
2022-05-12 14:13:04.022307699+00:00,Q,21.98,100,['@'],62,C,CCD
2022-05-12 14:13:04.022372050+00:00,Q,21.98,100,['@'],63,C,CCD
2022-05-12 14:13:04.022413687+00:00,Q,21.98,86,"['@', 'I']",64,C,CCD
2022-05-12 14:13:11.624657996+00:00,D,21.975,2,"['@', 'I']",56,C,CCD
2022-05-12 14:13:20.126678052+00:00,D,22.093,1000,['@'],57,C,CCD
2022-05-12 14:13:53.273857+00:00,K,22.07,100,"['@', 'F']",20,C,CCD
2022-05-12 14:14:23.582985+00:00,K,22.07,1,"['@', 'F', 'I']",21,C,CCD
2022-05-12 14:14:23.582985+00:00,K,22.09,99,"['@', 'F', 'I']",22,C,CCD
2022-05-12 14:14:23.583986+00:00,K,22.09,100,['@'],23,C,CCD
2022-05-12 14:16:47.511434+00:00,K,22.07,6,"['@', 'I']",24,C,CCD
2022-05-12 14:19:02.887000+00:00,D,21.965,10,"['@', 'I']",6,C,CCD
2022-05-12 14:19:09.806063+00:00,J,22.0,50,"['@', 'F', 'I']",2,C,CCD
2022-05-12 14:19:09.806299+00:00,J,22.0,38,"['@', 'I']",3,C,CCD
2022-05-12 14:21:52.345000+00:00,D,22.0973,100,['@'],58,C,CCD
2022-05-12 14:21:54.859762+00:00,K,22.08,100,"['@', 'F']",25,C,CCD
2022-05-12 14:22:04.698703872+00:00,P,22.08,6,"['@', 'I']",9,C,CCD
2022-05-12 14:22:04.699030+00:00,K,22.09,100,['@'],26,C,CCD
2022-05-12 14:22:04.699189+00:00,K,22.09,100,['@'],27,C,CCD
2022-05-12 14:22:08.805495+00:00,K,22.09,100,['@'],28,C,CCD
2022-05-12 14:22:08.805631+00:00,K,22.09,100,['@'],29,C,CCD
2022-05-12 14:22:11.789465+00:00,K,22.1,100,"['@', 'F']",30,C,CCD
2022-05-12 14:22:11.980426723+00:00,D,22.3203,4,"['@', 'I']",59,C,CCD
2022-05-12 14:22:12.127000+00:00,D,22.14,4,"['@', 'I']",60,C,CCD
2022-05-12 14:25:24.796369582+00:00,Q,22.27,100,['@'],65,C,CCD
2022-05-12 14:25:58.037919782+00:00,D,22.3816,500,['@'],61,C,CCD
2022-05-12 14:26:00.216201738+00:00,Q,22.35,100,"['@', 'F']",66,C,CCD
2022-05-12 14:26:00.216201738+00:00,Q,22.37,100,"['@', 'F']",67,C,CCD
2022-05-12 14:27:04.910280097+00:00,D,22.42,5,"['@', 'I']",62,C,CCD
2022-05-12 14:29:01.037000+00:00,D,22.2425,500,['@'],63,C,CCD
2022-05-12 14:33:33.188000+00:00,D,22.575,4,"['@', 'I']",64,C,CCD
2022-05-12 14:33:41.867941748+00:00,Q,22.38,100,['@'],68,C,CCD
2022-05-12 14:33:47.639118207+00:00,Q,22.38,200,['@'],69,C,CCD
2022-05-12 14:38:11.659192123+00:00,D,23.1129,40,"['@', 'I']",65,C,CCD
2022-05-12 14:39:24.993036364+00:00,Q,22.38,100,['@'],70,C,CCD
2022-05-12 14:41:31.861133+00:00,K,22.25,50,"['@', 'I']",31,C,CCD
2022-05-12 14:43:58.949826738+00:00,D,22.242,6,"['@', 'I']",7,C,CCD
2022-05-12 14:44:40.131000+00:00,D,22.1528,242,['@'],66,C,CCD
2022-05-12 14:46:04.400309+00:00,K,22.245,100,['@'],32,C,CCD
2022-05-12 14:49:41.254000+00:00,D,22.194,783,['@'],67,C,CCD
2022-05-12 14:51:36.212000+00:00,D,22.4,1219,['@'],8,C,CCD
2022-05-12 14:52:43.711960910+00:00,V,22.19,100,['@'],11,C,CCD
2022-05-12 14:55:34.648592455+00:00,D,22.29,350,['@'],68,C,CCD
2022-05-12 14:56:46.533673006+00:00,V,22.08,100,['@'],12,C,CCD
2022-05-12 14:56:46.536929927+00:00,Q,22.15,300,['@'],71,C,CCD
2022-05-12 14:56:46.537059551+00:00,D,22.145,30,"['@', 'I']",69,C,CCD
2022-05-12 14:56:46.537059551+00:00,D,22.145,45,"['@', 'I']",70,C,CCD
2022-05-12 14:59:14.380538036+00:00,Q,22.13,30,"['@', 'I']",72,C,CCD
2022-05-12 14:59:14.380538036+00:00,Q,22.13,45,"['@', 'I']",73,C,CCD
2022-05-12 15:02:31.050853+00:00,Z,22.14,200,"['@', 'F']",15,C,CCD
2022-05-12 15:02:31.050870+00:00,Z,22.14,100,"['@', 'F']",16,C,CCD
2022-05-12 15:02:40.338000+00:00,D,22.1869,4,"['@', 'I']",71,C,CCD
2022-05-12 15:02:40.348000+00:00,D,22.15,1,"['@', 'I']",72,C,CCD
2022-05-12 15:02:40.351000+00:00,D,22.15,1,"['@', 'I']",73,C,CCD
2022-05-12 15:02:42.994014139+00:00,Q,22.24,100,"['@', 'F']",74,C,CCD
2022-05-12 15:03:19.453002827+00:00,D,22.27,10,"['@', 'I']",74,C,CCD
2022-05-12 15:04:44.180691307+00:00,Q,22.24,100,"['@', 'F']",75,C,CCD
2022-05-12 15:04:44.800924410+00:00,Q,22.11,100,['@'],76,C,CCD
2022-05-12 15:04:44.800924410+00:00,Q,22.1,4,"['@', 'I']",77,C,CCD
2022-05-12 15:04:44.800924410+00:00,Q,22.08,64,"['@', 'I']",78,C,CCD
2022-05-12 15:06:01.206464383+00:00,D,22.14,192,['@'],75,C,CCD
2022-05-12 15:06:46.313859072+00:00,P,22.12,100,"['@', 'F']",10,C,CCD
2022-05-12 15:09:03.856052480+00:00,P,22.13,100,['@'],11,C,CCD
2022-05-12 15:09:03.856169728+00:00,P,22.15,80,"['@', 'I']",12,C,CCD
2022-05-12 15:09:38.624146236+00:00,Q,22.19,100,"['@', 'F']",79,C,CCD
2022-05-12 15:09:57.210000+00:00,D,22.188,1,"['@', 'I']",76,C,CCD
2022-05-12 15:10:08.383000+00:00,D,22.29,1,"['@', 'I']",9,C,CCD
2022-05-12 15:12:23.165240274+00:00,D,22.29,250,['@'],77,C,CCD
2022-05-12 15:12:32.959011497+00:00,Q,22.24,100,"['@', 'F']",80,C,CCD
2022-05-12 15:13:40.059000+00:00,D,22.2126,20,"['@', 'I']",78,C,CCD
2022-05-12 15:15:28.119630848+00:00,P,22.17,100,"['@', 'F']",13,C,CCD
2022-05-12 15:16:35.707237966+00:00,Q,22.11,100,['@'],81,C,CCD
2022-05-12 15:16:35.753780735+00:00,V,22.09,100,['@'],13,C,CCD
2022-05-12 15:16:35.759418337+00:00,D,22.11,200,['@'],79,C,CCD
2022-05-12 15:17:12.024986931+00:00,D,22.109,100,['@'],80,C,CCD
2022-05-12 15:17:12.026100565+00:00,D,22.109,200,['@'],81,C,CCD
2022-05-12 15:17:12.034485924+00:00,D,22.109,100,['@'],82,C,CCD
2022-05-12 15:17:12.035547822+00:00,D,22.109,200,['@'],83,C,CCD
2022-05-12 15:17:12.044328988+00:00,D,22.109,200,['@'],84,C,CCD
2022-05-12 15:17:12.045045301+00:00,D,22.109,100,['@'],85,C,CCD
2022-05-12 15:17:12.045368603+00:00,D,22.1075,100,['@'],86,C,CCD
2022-05-12 15:17:16.247821+00:00,K,22.08,200,"['@', 'F']",33,C,CCD
2022-05-12 15:17:16.247854+00:00,K,22.08,100,['@'],34,C,CCD
2022-05-12 15:17:40.385314260+00:00,U,22.24,100,"['@', 'F']",1,C,CCD
2022-05-12 15:17:40.385314260+00:00,U,22.29,4,"['@', 'F', 'I']",2,C,CCD
2022-05-12 15:17:40.385314260+00:00,U,22.29,96,"['@', 'F', 'I']",3,C,CCD
2022-05-12 15:21:30.333348+00:00,D,22.1183,200,['@'],87,C,CCD
2022-05-12 15:21:40.197010695+00:00,D,22.175,50,"['@', 'I']",88,C,CCD
2022-05-12 15:21:47.608623+00:00,Z,22.26,100,"['@', 'F']",17,C,CCD
2022-05-12 15:24:34.767032264+00:00,Q,22.24,100,"['@', 'F']",82,C,CCD
2022-05-12 15:25:39.941791872+00:00,Q,22.28,100,"['@', 'F']",83,C,CCD
2022-05-12 15:26:13.595316+00:00,D,22.21,60,"['@', 'I']",89,C,CCD
2022-05-12 15:26:35.984754394+00:00,Q,22.28,100,"['@', 'F']",84,C,CCD
2022-05-12 15:27:14.805000+00:00,D,22.0601,604,['@'],10,C,CCD
2022-05-12 15:27:31.135584618+00:00,U,22.24,100,"['@', 'F']",4,C,CCD
2022-05-12 15:29:02.206271327+00:00,Q,22.27,1,"['@', 'F', 'I']",85,C,CCD
2022-05-12 15:29:02.206271327+00:00,Q,22.29,99,"['@', 'F', 'I']",86,C,CCD
2022-05-12 15:29:58.388133+00:00,Z,22.26,100,"['@', 'F']",18,C,CCD
2022-05-12 15:29:58.388133+00:00,Z,22.29,38,"['@', 'F', 'I']",19,C,CCD
2022-05-12 15:30:00.358869347+00:00,D,22.29,527,['@'],90,C,CCD
2022-05-12 15:31:03.769340376+00:00,D,22.0905,6,"['@', 'I']",91,C,CCD
2022-05-12 15:31:12.412239360+00:00,P,22.13,256,"['@', 'F']",14,C,CCD
2022-05-12 15:31:12.412295680+00:00,P,22.13,44,"['@', 'I']",15,C,CCD
2022-05-12 15:31:17.660888985+00:00,D,22.2746,500,['@'],92,C,CCD
2022-05-12 15:32:43.346787069+00:00,D,22.29,1,"['@', 'I']",93,C,CCD
2022-05-12 15:33:58.866867657+00:00,D,22.0814,592,['@'],94,C,CCD
2022-05-12 15:34:53.104571039+00:00,U,22.12,48,"['@', 'F', 'I']",5,C,CCD
2022-05-12 15:34:53.106318+00:00,Z,22.11,32,"['@', 'F', 'I']",20,C,CCD
2022-05-12 15:34:55.172326656+00:00,P,22.11,28,"['@', 'F', 'I']",16,C,CCD
2022-05-12 15:39:31.622760329+00:00,Q,22.09,300,"['@', 'F']",87,C,CCD
2022-05-12 15:42:38.159395775+00:00,Q,22.09,300,"['@', 'F']",88,C,CCD
2022-05-12 15:46:54.841457+00:00,K,22.08,400,"['@', 'F']",35,C,CCD
2022-05-12 15:48:29.228300785+00:00,D,22.2688,40,"['@', 'I']",95,C,CCD
2022-05-12 15:49:43.190000+00:00,D,21.99,1000,['@'],96,C,CCD
2022-05-12 15:50:09.938000+00:00,D,21.99,1000,['@'],97,C,CCD
2022-05-12 15:51:41.428313+00:00,Z,22.1,4,"['@', 'I']",21,C,CCD
2022-05-12 15:51:41.430499+00:00,K,22.09,5,"['@', 'F', 'I']",36,C,CCD
2022-05-12 15:51:54.624412023+00:00,D,22.0193,1,"['@', 'I']",98,C,CCD
2022-05-12 15:52:20.392000+00:00,D,21.99,100,['@'],99,C,CCD
2022-05-12 15:57:12.208058969+00:00,Q,21.99,35,"['@', 'I']",89,C,CCD
2022-05-12 15:57:18.753618805+00:00,Q,21.99,100,['@'],90,C,CCD
2022-05-12 15:57:18.757805635+00:00,Q,21.99,15,"['@', 'I']",91,C,CCD
2022-05-12 15:57:19.818479012+00:00,Q,21.99,6,"['@', 'I']",92,C,CCD
2022-05-12 15:57:54.503624+00:00,K,21.99,150,"['@', 'F']",37,C,CCD
2022-05-12 15:57:54.503778237+00:00,Q,21.99,98,"['@', 'F', 'I']",93,C,CCD
2022-05-12 15:57:54.507027+00:00,K,21.99,44,"['@', 'I']",38,C,CCD
2022-05-12 15:57:54.507564+00:00,K,21.99,100,['@'],39,C,CCD
2022-05-12 15:59:44.862421+00:00,K,21.99,100,['@'],40,C,CCD
2022-05-12 15:59:44.862593+00:00,K,21.99,100,['@'],41,C,CCD
2022-05-12 15:59:44.862704+00:00,K,21.99,100,['@'],42,C,CCD
2022-05-12 15:59:44.862809+00:00,K,21.99,8,"['@', 'I']",43,C,CCD
2022-05-12 15:59:44.863277312+00:00,P,22.03,1,"['@', 'F', 'I']",17,C,CCD
2022-05-12 16:00:39.620321+00:00,K,21.99,100,['@'],44,C,CCD
2022-05-12 16:03:45.823129+00:00,K,21.99,50,"['@', 'I']",45,C,CCD
2022-05-12 16:04:44.822619163+00:00,D,22.29,100,['@'],100,C,CCD
2022-05-12 16:08:19.750589623+00:00,Q,22.24,100,"['@', 'F']",94,C,CCD
2022-05-12 16:09:29.730000+00:00,D,22.05,28,"['@', 'I']",101,C,CCD
2022-05-12 16:16:54.322749988+00:00,V,22.045,15,"['@', 'I']",14,C,CCD
2022-05-12 16:17:40.767000+00:00,D,22.065,90,"['@', 'I']",102,C,CCD
2022-05-12 16:17:40.770000+00:00,D,22.29,1,"['@', 'I']",103,C,CCD
2022-05-12 16:20:26.874747+00:00,K,22.0,34,"['@', 'I']",46,C,CCD
2022-05-12 16:20:26.875000+00:00,D,22.0,11,"['@', 'I']",11,C,CCD
2022-05-12 16:20:26.875568784+00:00,D,21.8437,966,['@'],104,C,CCD
2022-05-12 16:28:20.049789281+00:00,D,22.23,5000,['@'],105,C,CCD
2022-05-12 16:29:47.035000+00:00,D,22.0495,100,['@'],12,C,CCD
2022-05-12 16:32:47.218901297+00:00,D,22.23,4,"['@', 'I']",106,C,CCD
2022-05-12 16:33:55.664000+00:00,D,21.965,180,['@'],107,C,CCD
2022-05-12 16:33:55.665000+00:00,D,21.965,20,"['@', 'I']",13,C,CCD
2022-05-12 16:34:38.477000+00:00,D,22.07,400,['@'],14,C,CCD
2022-05-12 16:35:13.685279933+00:00,D,22.1772,1,"['@', 'I']",108,C,CCD
2022-05-12 16:35:13.688000+00:00,D,22.1772,1,"['@', 'I']",109,C,CCD
2022-05-12 16:37:27.859000+00:00,D,22.1836,5000,['@'],110,C,CCD
2022-05-12 16:41:32.006504171+00:00,D,22.23,1,"['@', 'I']",111,C,CCD
2022-05-12 16:41:32.009000+00:00,D,22.23,1,"['@', 'I']",112,C,CCD
2022-05-12 16:43:03.675000+00:00,D,21.975,1790,['@'],113,C,CCD
2022-05-12 16:47:08.138572652+00:00,D,21.8962,234,['@'],114,C,CCD
2022-05-12 16:49:59.477345027+00:00,D,21.9035,100,['@'],115,C,CCD
2022-05-12 16:50:14.471843701+00:00,D,22.23,1,"['@', 'I']",116,C,CCD
2022-05-12 16:52:11.021027032+00:00,D,22.2639,750,['@'],117,C,CCD
2022-05-12 16:52:51.364000+00:00,D,22.06,40,"['@', 'I']",15,C,CCD
2022-05-12 16:57:12.676247+00:00,D,21.85,18,"['@', 'I']",118,C,CCD
2022-05-12 16:59:02.008000+00:00,D,22.26,180,['@'],119,C,CCD
2022-05-12 17:00:07.635000+00:00,D,22.0671,5,"['@', 'I']",16,C,CCD
2022-05-12 17:00:39.494000+00:00,D,22.055,53,"['@', 'I']",120,C,CCD
2022-05-12 17:01:43.931806+00:00,K,21.93,5,"['@', 'I']",47,C,CCD
2022-05-12 17:02:22.854000+00:00,D,22.29,1000,['@'],121,C,CCD
2022-05-12 17:03:39.732705068+00:00,D,22.2478,1000,['@'],122,C,CCD
2022-05-12 17:03:47.787888+00:00,K,22.2,10,"['@', 'F', 'I']",48,C,CCD
2022-05-12 17:04:54.735466613+00:00,D,22.2478,1000,['@'],123,C,CCD
2022-05-12 17:06:35.806000+00:00,D,22.1052,330,['@'],124,C,CCD
2022-05-12 17:07:38.683189351+00:00,D,22.2018,5,"['@', 'I']",125,C,CCD
2022-05-12 17:08:34.908460924+00:00,D,21.8671,626,['@'],126,C,CCD
2022-05-12 17:09:31.547318186+00:00,D,22.035,1000,['@'],127,C,CCD
2022-05-12 17:11:36.226945837+00:00,D,22.2093,50,"['@', 'I']",128,C,CCD
2022-05-12 17:15:59.103575877+00:00,D,22.02,3,"['@', 'I']",129,C,CCD
2022-05-12 17:16:24.904000+00:00,D,22.0137,500,['@'],130,C,CCD
2022-05-12 17:19:24.312221300+00:00,D,22.05,3,"['@', 'I']",131,C,CCD
2022-05-12 17:19:24.375000+00:00,D,22.05,1,"['@', 'I']",17,C,CCD
2022-05-12 17:19:26.125156603+00:00,D,22.2228,500,['@'],132,C,CCD
2022-05-12 17:26:10.883744677+00:00,D,21.8535,550,['@'],133,C,CCD
2022-05-12 17:26:29.967648177+00:00,D,21.8588,638,['@'],134,C,CCD
2022-05-12 17:28:05.181641+00:00,D,21.8501,713,['@'],135,C,CCD
2022-05-12 17:28:08.836260+00:00,K,21.86,1,"['@', 'I']",49,C,CCD
2022-05-12 17:28:21.983925793+00:00,H,21.9,93,"['@', 'F', 'I']",1,C,CCD
2022-05-12 17:28:42.389639889+00:00,Q,21.85,100,['@'],95,C,CCD
2022-05-12 17:28:42.390028544+00:00,P,21.88,1,"['@', 'F', 'I']",18,C,CCD
2022-05-12 17:28:50.519654656+00:00,P,21.87,5,"['@', 'F', 'I']",19,C,CCD
2022-05-12 17:31:35.348000+00:00,D,21.8591,120,['@'],136,C,CCD
2022-05-12 17:32:01.993550244+00:00,V,21.86,21,"['@', 'I']",15,C,CCD
2022-05-12 17:32:28.337288581+00:00,V,21.86,79,"['@', 'I']",16,C,CCD
2022-05-12 17:32:28.338121256+00:00,V,21.86,21,"['@', 'I']",17,C,CCD
2022-05-12 17:32:32.309455810+00:00,Q,21.83,101,"['@', 'F']",96,C,CCD
2022-05-12 17:33:05.277032212+00:00,D,21.83,100,['@'],18,C,CCD
2022-05-12 17:33:54.003389+00:00,K,21.83,1,"['@', 'I']",50,C,CCD
2022-05-12 17:33:54.003389+00:00,K,21.83,10,"['@', 'I']",51,C,CCD
2022-05-12 17:33:54.003577685+00:00,Q,21.83,139,['@'],97,C,CCD
2022-05-12 17:36:49.174168012+00:00,Q,21.86,100,['@'],98,C,CCD
2022-05-12 17:36:49.200538144+00:00,V,21.84,100,['@'],18,C,CCD
2022-05-12 17:36:49.216906153+00:00,D,21.85,100,['@'],137,C,CCD
2022-05-12 17:36:50.669179980+00:00,Q,21.83,18,"['@', 'I']",99,C,CCD
2022-05-12 17:36:50.670873966+00:00,Q,21.83,500,['@'],100,C,CCD
2022-05-12 17:36:50.670896993+00:00,Q,21.83,159,['@'],101,C,CCD
2022-05-12 17:36:50.671100672+00:00,P,21.83,10,"['@', 'I']",20,C,CCD
2022-05-12 17:36:50.671301707+00:00,H,21.82,160,"['@', 'F']",2,C,CCD
2022-05-12 17:36:50.671416895+00:00,D,21.83,50,"['@', 'I']",138,C,CCD
2022-05-12 17:37:01.773661+00:00,K,21.82,200,['@'],52,C,CCD
2022-05-12 17:37:03.795593+00:00,K,21.82,27,"['@', 'I']",53,C,CCD
2022-05-12 17:37:03.796041440+00:00,H,21.82,25,"['@', 'I']",3,C,CCD
2022-05-12 17:37:11.990913716+00:00,Q,21.83,20,"['@', 'F', 'I']",102,C,CCD
2022-05-12 17:37:39.255495075+00:00,Q,21.83,20,"['@', 'F', 'I']",103,C,CCD
2022-05-12 17:38:37.012522495+00:00,Q,21.81,200,['@'],104,C,CCD
2022-05-12 17:38:39.034266588+00:00,Q,21.81,50,"['@', 'I']",105,C,CCD
2022-05-12 17:39:02.303987308+00:00,Q,21.8,25,"['@', 'I']",106,C,CCD
2022-05-12 17:39:02.303987308+00:00,Q,21.8,75,"['@', 'I']",107,C,CCD
2022-05-12 17:39:26.578363030+00:00,Q,21.8,25,"['@', 'I']",108,C,CCD
2022-05-12 17:39:26.578363030+00:00,Q,21.8,75,"['@', 'I']",109,C,CCD
2022-05-12 17:39:26.578776+00:00,K,21.8,38,"['@', 'I']",54,C,CCD
2022-05-12 17:39:26.578776+00:00,K,21.8,62,"['@', 'I']",55,C,CCD
2022-05-12 17:39:26.578962210+00:00,U,21.8,60,"['@', 'I']",6,C,CCD
2022-05-12 17:39:26.579000+00:00,D,21.8,12,"['@', 'I']",19,C,CCD
2022-05-12 17:39:26.579491398+00:00,Q,21.8,25,"['@', 'I']",110,C,CCD
2022-05-12 17:39:26.579630+00:00,K,21.8,38,"['@', 'F', 'I']",56,C,CCD
2022-05-12 17:39:26.579630+00:00,K,21.8,1,"['@', 'F', 'I']",57,C,CCD
2022-05-12 17:39:26.579649002+00:00,U,21.8,40,"['@', 'F', 'I']",7,C,CCD
2022-05-12 17:39:26.657000+00:00,D,21.815,367,['@'],139,C,CCD
2022-05-12 17:39:41.772412+00:00,K,21.78,8,"['@', 'F', 'I']",58,C,CCD
2022-05-12 17:39:41.772501504+00:00,P,21.78,10,"['@', 'F', 'I']",21,C,CCD
2022-05-12 17:39:41.773000+00:00,D,21.78,2,"['@', 'I']",20,C,CCD
2022-05-12 17:41:22.075000+00:00,D,21.76,913,['@'],140,C,CCD
2022-05-12 17:41:22.383772287+00:00,D,21.7367,9,"['@', 'I']",141,C,CCD
2022-05-12 17:45:46.689000+00:00,D,21.7712,25,"['@', 'I']",21,C,CCD
2022-05-12 17:48:39.772302+00:00,K,21.75,4,"['@', 'I']",59,C,CCD
2022-05-12 17:48:39.772517376+00:00,P,21.75,2,"['@', 'F', 'I']",22,C,CCD
2022-05-12 17:48:39.773000+00:00,D,21.75,1,"['@', 'I']",22,C,CCD
2022-05-12 17:49:24.851892244+00:00,Q,21.71,36,"['@', 'I']",111,C,CCD
2022-05-12 17:49:24.851943066+00:00,Q,21.7,5,"['@', 'I']",112,C,CCD
2022-05-12 17:51:11.059433216+00:00,Q,21.68,10,"['@', 'F', 'I']",113,C,CCD
2022-05-12 17:51:11.059993104+00:00,U,21.67,21,"['@', 'I']",8,C,CCD
2022-05-12 17:51:11.059993104+00:00,U,21.67,34,"['@', 'I']",9,C,CCD
2022-05-12 17:51:11.062457+00:00,Z,21.65,35,"['@', 'I']",22,C,CCD
2022-05-12 17:51:11.062459+00:00,K,21.65,100,['@'],60,C,CCD
2022-05-12 17:51:11.062459+00:00,K,21.63,100,['@'],61,C,CCD
2022-05-12 17:52:51.950781059+00:00,D,21.6859,23,"['@', 'I']",142,C,CCD
2022-05-12 17:53:02.810870528+00:00,P,21.64,101,"['@', 'F']",23,C,CCD
2022-05-12 17:53:02.810960896+00:00,P,21.64,80,"['@', 'F', 'I']",24,C,CCD
2022-05-12 17:55:11.288854482+00:00,Q,21.64,100,['@'],114,C,CCD
2022-05-12 17:55:11.288922152+00:00,Q,21.64,100,['@'],115,C,CCD
2022-05-12 17:55:51.510074716+00:00,D,21.638,200,['@'],143,C,CCD
2022-05-12 17:55:51.512712522+00:00,V,21.635,100,['@'],19,C,CCD
2022-05-12 17:55:51.513124987+00:00,Q,21.64,200,['@'],116,C,CCD
2022-05-12 17:55:51.513245413+00:00,D,21.635,43,"['@', 'I']",144,C,CCD
2022-05-12 17:55:51.528463727+00:00,Q,21.66,58,"['@', 'I']",117,C,CCD
2022-05-12 17:56:37.563761797+00:00,Q,21.66,43,"['@', 'I']",118,C,CCD
2022-05-12 17:56:37.563761797+00:00,Q,21.66,57,"['@', 'I']",119,C,CCD
2022-05-12 18:06:53.742682263+00:00,D,21.61,40,"['@', 'I']",145,C,CCD
2022-05-12 18:07:50.630319+00:00,K,21.61,50,"['@', 'I']",62,C,CCD
2022-05-12 18:08:46.007000+00:00,D,21.66,4,"['@', 'I']",146,C,CCD
2022-05-12 18:09:56.012387328+00:00,P,21.6,1,"['@', 'F', 'I']",25,C,CCD
2022-05-12 18:15:07.237386+00:00,J,21.64,4,"['@', 'I']",4,C,CCD
2022-05-12 18:15:07.237510128+00:00,U,21.64,64,"['@', 'I']",10,C,CCD
2022-05-12 18:15:07.237534383+00:00,U,21.64,12,"['@', 'I']",11,C,CCD
2022-05-12 18:18:49.956269308+00:00,D,21.605,200,['@'],147,C,CCD
2022-05-12 18:22:09.909000+00:00,D,21.5977,1300,['@'],148,C,CCD
2022-05-12 18:22:27.076470270+00:00,V,21.61,100,['@'],20,C,CCD
2022-05-12 18:22:28.583000+00:00,D,21.6399,5,"['@', 'I']",149,C,CCD
2022-05-12 18:22:29.504212+00:00,K,21.6,3,"['@', 'F', 'I']",63,C,CCD
2022-05-12 18:23:39.861000+00:00,D,21.64,1,"['@', 'I']",150,C,CCD
2022-05-12 18:24:37.586349199+00:00,D,21.58,20,"['@', 'I']",151,C,CCD
2022-05-12 18:25:23.458187399+00:00,D,21.5771,312,['@'],152,C,CCD
2022-05-12 18:27:06.374963+00:00,K,21.59,100,"['@', 'F']",64,C,CCD
2022-05-12 18:27:06.374963+00:00,K,21.58,10,"['@', 'F', 'I']",65,C,CCD
2022-05-12 18:27:06.374963+00:00,K,21.58,216,"['@', 'F']",66,C,CCD
2022-05-12 18:27:06.375000+00:00,D,21.622,10,"['@', 'I']",153,C,CCD
2022-05-12 18:27:06.376000+00:00,D,21.622,216,['@'],154,C,CCD
2022-05-12 18:27:06.377000+00:00,D,21.622,100,['@'],155,C,CCD
2022-05-12 18:27:06.377085+00:00,J,21.58,100,"['@', 'F']",5,C,CCD
2022-05-12 18:27:06.378498+00:00,J,21.58,100,"['@', 'F']",6,C,CCD
2022-05-12 18:27:06.379000+00:00,D,21.622,100,['@'],156,C,CCD
2022-05-12 18:27:06.379994624+00:00,P,21.58,216,"['@', 'F']",26,C,CCD
2022-05-12 18:27:06.380000+00:00,D,21.622,216,['@'],157,C,CCD
2022-05-12 18:27:06.381579522+00:00,Q,21.58,5,"['@', 'F', 'I']",120,C,CCD
2022-05-12 18:27:06.381579522+00:00,Q,21.58,153,"['@', 'F']",121,C,CCD
2022-05-12 18:27:06.382000+00:00,D,21.622,5,"['@', 'I']",158,C,CCD
2022-05-12 18:27:06.382000+00:00,D,21.622,153,['@'],159,C,CCD
2022-05-12 18:27:06.382000+00:00,D,21.622,500,['@'],160,C,CCD
2022-05-12 18:27:09.953165+00:00,J,21.57,52,"['@', 'F', 'I']",7,C,CCD
2022-05-12 18:29:32.788276440+00:00,D,21.5879,200,['@'],161,C,CCD
2022-05-12 18:30:12.384000+00:00,D,21.64,1,"['@', 'I']",162,C,CCD
2022-05-12 18:30:20.123319452+00:00,D,21.64,1026,['@'],163,C,CCD
2022-05-12 18:30:20.123383093+00:00,D,21.64,214,['@'],164,C,CCD
2022-05-12 18:32:43.452508195+00:00,H,21.58,101,"['@', 'F']",4,C,CCD
2022-05-12 18:32:52.818246+00:00,Y,21.63,100,['@'],5,C,CCD
2022-05-12 18:32:52.822639113+00:00,Q,21.63,100,['@'],122,C,CCD
2022-05-12 18:32:53.003102+00:00,D,21.63,157,['@'],165,C,CCD
2022-05-12 18:33:14.214703902+00:00,D,21.57,11,"['@', 'I']",166,C,CCD
2022-05-12 18:36:12.171000+00:00,D,21.6,25,"['@', 'I']",167,C,CCD
2022-05-12 18:37:54.374412122+00:00,D,21.57,5,"['@', 'I']",168,C,CCD
2022-05-12 18:44:38.507406+00:00,K,21.57,100,['@'],67,C,CCD
2022-05-12 18:44:38.507514+00:00,K,21.57,107,['@'],68,C,CCD
2022-05-12 18:44:38.507540+00:00,K,21.57,93,"['@', 'F', 'I']",69,C,CCD
2022-05-12 18:44:38.507582344+00:00,Q,21.57,81,"['@', 'I']",123,C,CCD
2022-05-12 18:44:38.507602119+00:00,D,21.58,50,"['@', 'I']",169,C,CCD
2022-05-12 18:44:38.507685004+00:00,Q,21.57,100,['@'],124,C,CCD
2022-05-12 18:44:38.507703152+00:00,Q,21.57,100,['@'],125,C,CCD
2022-05-12 18:44:38.507705499+00:00,Q,21.57,119,['@'],126,C,CCD
2022-05-12 18:44:38.507781120+00:00,P,21.57,1,"['@', 'I']",27,C,CCD
2022-05-12 18:44:38.508592360+00:00,Q,21.55,5,"['@', 'I']",127,C,CCD
2022-05-12 18:44:39.515828+00:00,J,21.59,100,"['@', 'F']",8,C,CCD
2022-05-12 18:44:39.538912659+00:00,Q,21.59,100,"['@', 'F']",128,C,CCD
2022-05-12 18:44:39.538991048+00:00,Q,21.55,100,"['@', 'F']",129,C,CCD
2022-05-12 18:44:39.539104+00:00,K,21.59,81,"['@', 'I']",70,C,CCD
2022-05-12 18:44:39.539123+00:00,K,21.59,10,"['@', 'I']",71,C,CCD
2022-05-12 18:44:39.561443584+00:00,Q,21.59,100,"['@', 'F']",130,C,CCD
2022-05-12 18:44:39.583979969+00:00,Q,21.59,100,"['@', 'F']",131,C,CCD
2022-05-12 18:45:15.009044667+00:00,Q,21.59,100,['@'],132,C,CCD
2022-05-12 18:45:15.009211+00:00,K,21.55,100,['@'],72,C,CCD
2022-05-12 18:45:15.009289+00:00,Z,21.6,12,"['@', 'I']",23,C,CCD
2022-05-12 18:46:37.171004959+00:00,D,21.5258,21,"['@', 'I']",23,C,CCD
2022-05-12 18:47:51.483374025+00:00,Q,21.57,42,"['@', 'F', 'I']",133,C,CCD
2022-05-12 18:47:51.483374025+00:00,Q,21.57,58,"['@', 'F', 'I']",134,C,CCD
2022-05-12 18:47:51.483418136+00:00,Q,21.57,42,"['@', 'I']",135,C,CCD
2022-05-12 18:47:51.483616+00:00,Z,21.59,16,"['@', 'I']",24,C,CCD
2022-05-12 18:47:51.483618+00:00,K,21.57,25,"['@', 'I']",73,C,CCD
2022-05-12 18:47:51.483663+00:00,K,21.57,8,"['@', 'I']",74,C,CCD
2022-05-12 18:47:51.483663+00:00,K,21.57,33,"['@', 'I']",75,C,CCD
2022-05-12 18:48:29.459000+00:00,D,21.624,100,['@'],170,C,CCD
2022-05-12 18:50:23.823277496+00:00,D,21.5719,50,"['@', 'I']",171,C,CCD
2022-05-12 18:50:40.689000+00:00,D,21.68,600,['@'],172,C,CCD
2022-05-12 18:51:25.014144124+00:00,D,21.8013,19,"['@', 'I']",173,C,CCD
2022-05-12 18:52:00.203588685+00:00,Q,21.63,104,"['@', 'F']",136,C,CCD
2022-05-12 18:52:00.203626333+00:00,Q,21.63,93,"['@', 'I']",137,C,CCD
2022-05-12 18:53:02.271000+00:00,D,21.7131,200,['@'],174,C,CCD
2022-05-12 18:56:25.622000+00:00,D,21.71,1300,['@'],175,C,CCD
2022-05-12 18:56:25.623000+00:00,D,21.5701,335,['@'],176,C,CCD
2022-05-12 18:59:05.377708+00:00,D,21.665,555,['@'],177,C,CCD
2022-05-12 18:59:33.685000+00:00,D,21.66,5,"['@', 'I']",178,C,CCD
2022-05-12 19:00:36.647185295+00:00,Q,21.55,100,['@'],138,C,CCD
2022-05-12 19:00:53.496000+00:00,D,21.6684,60,"['@', 'I']",24,C,CCD
2022-05-12 19:01:06.629684315+00:00,D,21.735,1,"['@', 'I']",179,C,CCD
2022-05-12 19:01:59.037733822+00:00,Q,21.75,110,"['@', 'F']",139,C,CCD
2022-05-12 19:03:46.827253452+00:00,D,21.51,500,['@'],180,C,CCD
2022-05-12 19:03:46.829321+00:00,K,21.54,100,['@'],76,C,CCD
2022-05-12 19:03:46.829321+00:00,K,21.51,109,['@'],77,C,CCD
2022-05-12 19:03:46.829385+00:00,Z,21.54,100,['@'],25,C,CCD
2022-05-12 19:03:46.829385+00:00,Z,21.51,109,['@'],26,C,CCD
2022-05-12 19:03:46.829527882+00:00,Q,21.51,10,"['@', 'I']",140,C,CCD
2022-05-12 19:03:46.829527882+00:00,Q,21.51,12,"['@', 'I']",141,C,CCD
2022-05-12 19:03:46.829529856+00:00,P,21.51,209,['@'],28,C,CCD
2022-05-12 19:03:46.876879+00:00,K,21.5,60,"['@', 'F', 'I']",78,C,CCD
2022-05-12 19:03:48.693891+00:00,D,21.54,1,"['@', 'I']",181,C,CCD
2022-05-12 19:04:24.952175950+00:00,Q,21.61,40,"['@', 'F', 'I']",142,C,CCD
2022-05-12 19:04:24.952193206+00:00,Q,21.61,70,"['@', 'F', 'I']",143,C,CCD
2022-05-12 19:04:24.956979+00:00,Z,21.59,40,"['@', 'I']",27,C,CCD
2022-05-12 19:04:24.957076+00:00,Z,21.59,28,"['@', 'I']",28,C,CCD
2022-05-12 19:09:46.533770152+00:00,D,21.51,400,['@'],182,C,CCD
2022-05-12 19:10:45.989620+00:00,Z,21.55,300,"['@', 'F']",29,C,CCD
2022-05-12 19:11:10.258000+00:00,D,21.6417,1293,['@'],183,C,CCD
2022-05-12 19:18:51.135000+00:00,D,21.66,15,"['@', 'I']",184,C,CCD
2022-05-12 19:19:17.038897891+00:00,D,21.5901,403,['@'],185,C,CCD
2022-05-12 19:19:17.041000+00:00,D,21.5,1,"['@', 'I']",186,C,CCD
2022-05-12 19:20:53.152035+00:00,K,21.6,8,"['@', 'I']",79,C,CCD
2022-05-12 19:24:18.337025280+00:00,N,21.65,100,['@'],2,C,CCD
2022-05-12 19:24:46.704098129+00:00,U,21.64,14,"['@', 'I']",12,C,CCD
2022-05-12 19:25:55.361452+00:00,D,21.75,700,['@'],2,C,CCD
2022-05-12 19:26:28.118385397+00:00,D,21.5628,1693,['@'],187,C,CCD
2022-05-12 19:26:28.514578+00:00,D,21.5628,1,"['@', 'I']",188,C,CCD
2022-05-12 19:26:31.007937424+00:00,D,21.755,100,['@'],189,C,CCD
2022-05-12 19:26:31.008027+00:00,D,21.7453,100,['@'],190,C,CCD
2022-05-12 19:26:31.008111297+00:00,D,21.758,100,['@'],191,C,CCD
2022-05-12 19:26:31.008577+00:00,D,21.73,100,['@'],192,C,CCD
2022-05-12 19:26:31.010218788+00:00,D,21.758,200,['@'],193,C,CCD
2022-05-12 19:26:31.011043+00:00,D,21.74,100,['@'],194,C,CCD
2022-05-12 19:26:52.608723938+00:00,D,21.71,600,['@'],195,C,CCD
2022-05-12 19:26:52.612168820+00:00,Q,21.73,100,['@'],144,C,CCD
2022-05-12 19:27:00.742533+00:00,Z,21.65,100,['@'],30,C,CCD
2022-05-12 19:27:07.847965+00:00,Z,21.65,100,['@'],31,C,CCD
2022-05-12 19:27:16.073533926+00:00,Q,21.72,100,['@'],145,C,CCD
2022-05-12 19:27:25.207547052+00:00,D,21.76,100,['@'],196,C,CCD
2022-05-12 19:27:25.210093485+00:00,Q,21.76,100,['@'],146,C,CCD
2022-05-12 19:27:25.210093485+00:00,Q,21.77,100,['@'],147,C,CCD
2022-05-12 19:27:25.210454122+00:00,Q,21.81,50,"['@', 'I']",148,C,CCD
2022-05-12 19:27:25.210488090+00:00,Q,21.77,3,"['@', 'F', 'I']",149,C,CCD
2022-05-12 19:27:25.210539183+00:00,Q,21.77,3,"['@', 'F', 'I']",150,C,CCD
2022-05-12 19:27:25.210579363+00:00,Q,21.77,3,"['@', 'F', 'I']",151,C,CCD
2022-05-12 19:27:25.210624340+00:00,Q,21.77,3,"['@', 'F', 'I']",152,C,CCD
2022-05-12 19:27:25.210660571+00:00,Q,21.77,3,"['@', 'F', 'I']",153,C,CCD
2022-05-12 19:27:25.211162192+00:00,Q,21.77,3,"['@', 'F', 'I']",154,C,CCD
2022-05-12 19:27:25.211197515+00:00,Q,21.77,3,"['@', 'F', 'I']",155,C,CCD
2022-05-12 19:27:25.211236030+00:00,Q,21.77,3,"['@', 'F', 'I']",156,C,CCD
2022-05-12 19:27:25.211413736+00:00,Q,21.77,3,"['@', 'F', 'I']",157,C,CCD
2022-05-12 19:27:25.211448575+00:00,Q,21.77,3,"['@', 'F', 'I']",158,C,CCD
2022-05-12 19:27:25.211482826+00:00,Q,21.77,3,"['@', 'F', 'I']",159,C,CCD
2022-05-12 19:27:25.211517499+00:00,Q,21.77,3,"['@', 'F', 'I']",160,C,CCD
2022-05-12 19:27:25.211552027+00:00,Q,21.77,3,"['@', 'F', 'I']",161,C,CCD
2022-05-12 19:27:25.211590265+00:00,Q,21.77,3,"['@', 'F', 'I']",162,C,CCD
2022-05-12 19:27:25.211624470+00:00,Q,21.77,3,"['@', 'F', 'I']",163,C,CCD
2022-05-12 19:27:25.211659576+00:00,Q,21.77,3,"['@', 'F', 'I']",164,C,CCD
2022-05-12 19:27:25.211695539+00:00,Q,21.77,3,"['@', 'F', 'I']",165,C,CCD
2022-05-12 19:27:25.211730468+00:00,Q,21.77,3,"['@', 'F', 'I']",166,C,CCD
2022-05-12 19:27:25.211765774+00:00,Q,21.77,3,"['@', 'F', 'I']",167,C,CCD
2022-05-12 19:27:25.211799576+00:00,Q,21.77,3,"['@', 'F', 'I']",168,C,CCD
2022-05-12 19:27:25.211834516+00:00,Q,21.77,3,"['@', 'F', 'I']",169,C,CCD
2022-05-12 19:27:25.211869443+00:00,Q,21.77,3,"['@', 'F', 'I']",170,C,CCD
2022-05-12 19:27:25.211906923+00:00,Q,21.77,3,"['@', 'F', 'I']",171,C,CCD
2022-05-12 19:27:25.211941222+00:00,Q,21.77,3,"['@', 'F', 'I']",172,C,CCD
2022-05-12 19:27:25.211975807+00:00,Q,21.77,3,"['@', 'F', 'I']",173,C,CCD
2022-05-12 19:27:25.212009272+00:00,Q,21.77,3,"['@', 'F', 'I']",174,C,CCD
2022-05-12 19:27:25.212045897+00:00,Q,21.77,3,"['@', 'F', 'I']",175,C,CCD
2022-05-12 19:27:25.212057856+00:00,N,21.65,100,['@'],3,C,CCD
2022-05-12 19:27:25.212080549+00:00,Q,21.77,3,"['@', 'F', 'I']",176,C,CCD
2022-05-12 19:27:25.212116198+00:00,Q,21.77,3,"['@', 'F', 'I']",177,C,CCD
2022-05-12 19:27:25.212150327+00:00,Q,21.77,3,"['@', 'F', 'I']",178,C,CCD
2022-05-12 19:27:25.212184463+00:00,Q,21.77,3,"['@', 'F', 'I']",179,C,CCD
2022-05-12 19:27:25.212220448+00:00,Q,21.77,3,"['@', 'F', 'I']",180,C,CCD
2022-05-12 19:27:25.212255558+00:00,Q,21.77,3,"['@', 'F', 'I']",181,C,CCD
2022-05-12 19:27:25.212291700+00:00,Q,21.77,1,"['@', 'F', 'I']",182,C,CCD
2022-05-12 19:27:25.212724082+00:00,X,21.83,50,"['@', 'F', 'I']",1,C,CCD
2022-05-12 19:27:32.266790+00:00,Z,21.69,100,['@'],32,C,CCD
2022-05-12 19:27:32.282185421+00:00,Q,21.67,20,"['@', 'F', 'I']",183,C,CCD
2022-05-12 19:27:32.282198324+00:00,Q,21.67,20,"['@', 'F', 'I']",184,C,CCD
2022-05-12 19:27:32.282207187+00:00,Q,21.67,58,"['@', 'F', 'I']",185,C,CCD
2022-05-12 19:27:52.554709012+00:00,Q,21.68,100,"['@', 'F']",186,C,CCD
2022-05-12 19:28:25.769281641+00:00,Q,21.68,100,"['@', 'F']",187,C,CCD
2022-05-12 19:28:29.279436+00:00,Z,21.66,102,"['@', 'F']",33,C,CCD
2022-05-12 19:28:29.279554469+00:00,Q,21.66,98,"['@', 'F', 'I']",188,C,CCD
2022-05-12 19:28:34.272760+00:00,Z,21.72,100,['@'],34,C,CCD
2022-05-12 19:28:38.279763+00:00,K,21.74,100,['@'],80,C,CCD
2022-05-12 19:28:41.814000+00:00,D,21.7639,5,"['@', 'I']",197,C,CCD
2022-05-12 19:29:06.064932264+00:00,D,21.6512,100,['@'],198,C,CCD
2022-05-12 19:29:35.570105606+00:00,D,21.6275,100,['@'],199,C,CCD
2022-05-12 19:29:35.571012898+00:00,D,21.6275,100,['@'],200,C,CCD
2022-05-12 19:29:35.571252401+00:00,D,21.625,100,['@'],201,C,CCD
2022-05-12 19:29:35.571473663+00:00,D,21.625,100,['@'],202,C,CCD
2022-05-12 19:29:35.571711591+00:00,D,21.625,100,['@'],203,C,CCD
2022-05-12 19:29:35.571954+00:00,D,21.59,100,['@'],204,C,CCD
2022-05-12 19:29:35.571954+00:00,D,21.59,100,['@'],205,C,CCD
2022-05-12 19:29:35.571955+00:00,D,21.59,100,['@'],206,C,CCD
2022-05-12 19:29:35.574000+00:00,D,21.69,200,['@'],207,C,CCD
2022-05-12 19:29:35.574000+00:00,D,21.69,1500,['@'],208,C,CCD
2022-05-12 19:29:35.574121+00:00,K,21.56,200,"['@', 'F']",81,C,CCD
2022-05-12 19:29:49.739343408+00:00,Q,21.58,268,['@'],189,C,CCD
2022-05-12 19:29:49.739343408+00:00,Q,21.58,268,['@'],190,C,CCD
2022-05-12 19:29:49.739435776+00:00,P,21.58,200,['@'],29,C,CCD
2022-05-12 19:29:49.741343488+00:00,P,21.58,68,"['@', 'I']",30,C,CCD
2022-05-12 19:29:49.741518+00:00,Z,21.58,6,"['@', 'F', 'I']",35,C,CCD
2022-05-12 19:29:49.741519+00:00,K,21.58,268,"['@', 'F']",82,C,CCD
2022-05-12 19:29:49.741537+00:00,Z,21.58,262,"['@', 'F']",36,C,CCD
2022-05-12 19:29:56.422071+00:00,D,21.61,100,['@'],209,C,CCD
2022-05-12 19:30:46.203664941+00:00,Q,21.62,100,"['@', 'F']",191,C,CCD
2022-05-12 19:32:22.178361+00:00,K,21.59,100,"['@', 'F']",83,C,CCD
2022-05-12 19:32:22.178505083+00:00,Q,21.59,100,"['@', 'F']",192,C,CCD
2022-05-12 19:32:34.422349056+00:00,P,21.59,200,"['@', 'F']",31,C,CCD
2022-05-12 19:32:37.767835713+00:00,Q,21.6,282,"['@', 'F']",193,C,CCD
2022-05-12 19:32:47.424667904+00:00,P,21.6,283,"['@', 'F']",32,C,CCD
2022-05-12 19:32:47.424731136+00:00,P,21.6,10,"['@', 'I']",33,C,CCD
2022-05-12 19:32:47.518114+00:00,Z,21.6,100,['@'],37,C,CCD
2022-05-12 19:32:47.518136+00:00,Z,21.6,100,['@'],38,C,CCD
2022-05-12 19:32:47.518149+00:00,Z,21.6,80,"['@', 'I']",39,C,CCD
2022-05-12 19:32:47.573005420+00:00,Q,21.61,268,"['@', 'F']",194,C,CCD
2022-05-12 19:32:47.573047448+00:00,Q,21.61,32,"['@', 'I']",195,C,CCD
2022-05-12 19:34:30.924581+00:00,K,21.61,100,"['@', 'F']",84,C,CCD
2022-05-12 19:34:30.924864+00:00,Z,21.61,183,"['@', 'F']",40,C,CCD
2022-05-12 19:34:30.924973312+00:00,P,21.62,46,"['@', 'I']",34,C,CCD
2022-05-12 19:34:30.960070534+00:00,Q,21.61,100,"['@', 'F']",196,C,CCD
2022-05-12 19:34:30.964369+00:00,Z,21.61,20,"['@', 'I']",41,C,CCD
2022-05-12 19:34:30.964519+00:00,Z,21.61,160,['@'],42,C,CCD
2022-05-12 19:35:03.647476+00:00,Z,21.7,149,['@'],43,C,CCD
2022-05-12 19:35:48.108439+00:00,Z,21.705,105,['@'],44,C,CCD
2022-05-12 19:36:05.584238+00:00,Z,21.705,36,"['@', 'I']",45,C,CCD
2022-05-12 19:38:03.066944243+00:00,D,21.6375,647,['@'],210,C,CCD
2022-05-12 19:38:53.526086665+00:00,D,21.7,100,['@'],25,C,CCD
2022-05-12 19:39:27.753364282+00:00,D,21.8027,14,"['@', 'I']",211,C,CCD
2022-05-12 19:39:47.776191731+00:00,Q,21.66,300,['@'],197,C,CCD
2022-05-12 19:39:54.910571+00:00,Z,21.73,100,['@'],46,C,CCD
2022-05-12 19:39:59.979201694+00:00,U,21.73,100,['@'],13,C,CCD
2022-05-12 19:40:45.660035584+00:00,P,21.735,100,['@'],35,C,CCD
2022-05-12 19:40:45.667900380+00:00,Q,21.69,42,"['@', 'F', 'I']",198,C,CCD
2022-05-12 19:40:45.668108584+00:00,Q,21.69,58,"['@', 'F', 'I']",199,C,CCD
2022-05-12 19:40:52.232829+00:00,K,21.735,100,['@'],85,C,CCD
2022-05-12 19:40:56.675829210+00:00,D,21.735,33,"['@', 'I']",212,C,CCD
2022-05-12 19:41:01.068356+00:00,Z,21.7,257,"['@', 'F']",47,C,CCD
2022-05-12 19:43:08.796000+00:00,D,21.6719,2000,['@'],213,C,CCD
2022-05-12 19:43:22.935313540+00:00,V,21.75,100,['@'],21,C,CCD
2022-05-12 19:44:12.483000+00:00,D,21.715,51,"['@', 'I']",214,C,CCD
2022-05-12 19:45:45.579000+00:00,D,21.71,11,"['@', 'I']",26,C,CCD
2022-05-12 19:45:45.579031070+00:00,Q,21.71,1,"['@', 'I']",200,C,CCD
2022-05-12 19:45:56.301431+00:00,D,21.67,75,"['@', 'I']",3,C,CCD
2022-05-12 19:49:33.742381745+00:00,D,21.7,1,"['@', 'I']",215,C,CCD
2022-05-12 19:49:48.667700+00:00,D,21.7299,429,['@'],216,C,CCD
2022-05-12 19:50:00.135000+00:00,D,21.685,908,['@'],217,C,CCD
2022-05-12 19:50:00.558283296+00:00,Q,21.69,5,"['@', 'I']",201,C,CCD
2022-05-12 19:50:00.558283811+00:00,Q,21.69,5,"['@', 'I']",202,C,CCD
2022-05-12 19:50:00.558284209+00:00,Q,21.69,5,"['@', 'I']",203,C,CCD
2022-05-12 19:50:00.558284773+00:00,Q,21.69,5,"['@', 'I']",204,C,CCD
2022-05-12 19:50:00.558285178+00:00,Q,21.69,5,"['@', 'I']",205,C,CCD
2022-05-12 19:50:00.558285544+00:00,Q,21.69,5,"['@', 'I']",206,C,CCD
2022-05-12 19:50:00.558287257+00:00,Q,21.69,5,"['@', 'I']",207,C,CCD
2022-05-12 19:50:00.558287747+00:00,Q,21.69,5,"['@', 'I']",208,C,CCD
2022-05-12 19:50:00.558288286+00:00,Q,21.69,5,"['@', 'I']",209,C,CCD
2022-05-12 19:50:00.558288784+00:00,Q,21.69,5,"['@', 'I']",210,C,CCD
2022-05-12 19:50:00.558289307+00:00,Q,21.69,5,"['@', 'I']",211,C,CCD
2022-05-12 19:50:00.558289600+00:00,Q,21.69,5,"['@', 'I']",212,C,CCD
2022-05-12 19:50:00.558388+00:00,K,21.69,5,"['@', 'I']",86,C,CCD
2022-05-12 19:50:00.558411+00:00,K,21.69,5,"['@', 'I']",87,C,CCD
2022-05-12 19:50:00.739000+00:00,D,21.66,245,['@'],219,C,CCD
2022-05-12 19:50:00.740245751+00:00,D,21.6601,245,['@'],218,C,CCD
2022-05-12 19:50:00.740566813+00:00,D,21.6601,663,['@'],220,C,CCD
2022-05-12 19:50:21.697882+00:00,K,21.705,100,['@'],88,C,CCD
2022-05-12 19:50:56.708805+00:00,K,21.7,100,['@'],89,C,CCD
2022-05-12 19:50:56.709177+00:00,K,21.7,17,"['@', 'I']",90,C,CCD
2022-05-12 19:51:27.098319+00:00,K,21.69,100,['@'],91,C,CCD
2022-05-12 19:52:23.642003641+00:00,Q,21.69,100,['@'],213,C,CCD
2022-05-12 19:52:23.642003641+00:00,Q,21.72,214,['@'],214,C,CCD
2022-05-12 19:52:23.644635+00:00,K,21.71,100,['@'],92,C,CCD
2022-05-12 19:52:23.645465224+00:00,Q,21.71,100,['@'],215,C,CCD
2022-05-12 19:52:23.666201600+00:00,P,21.71,56,"['@', 'F', 'I']",36,C,CCD
2022-05-12 19:52:23.667938985+00:00,Q,21.72,44,"['@', 'F', 'I']",216,C,CCD
2022-05-12 19:52:23.980000+00:00,D,21.6601,1500,['@'],221,C,CCD
2022-05-12 19:53:00.169895+00:00,K,21.71,5,"['@', 'I']",93,C,CCD
2022-05-12 19:53:00.169919+00:00,K,21.71,5,"['@', 'I']",94,C,CCD
2022-05-12 19:53:04.115000+00:00,D,21.66,1,"['@', 'I']",223,C,CCD
2022-05-12 19:53:04.135405+00:00,D,21.67,1,"['@', 'I']",222,C,CCD
2022-05-12 19:53:37.818549715+00:00,Q,21.67,100,['@'],217,C,CCD
2022-05-12 19:53:37.818740764+00:00,V,21.67,100,['@'],22,C,CCD
2022-05-12 19:53:37.819669+00:00,D,21.67,12,"['@', 'I']",224,C,CCD
2022-05-12 19:53:37.824000+00:00,D,21.66,130,['@'],226,C,CCD
2022-05-12 19:53:37.825364499+00:00,D,21.6601,130,['@'],225,C,CCD
2022-05-12 19:53:37.829469977+00:00,V,21.66,1,"['@', 'I']",23,C,CCD
2022-05-12 19:53:37.829469977+00:00,V,21.66,99,"['@', 'I']",24,C,CCD
2022-05-12 19:53:37.829891784+00:00,D,21.6601,1,"['@', 'I']",227,C,CCD
2022-05-12 19:53:37.830023886+00:00,D,21.6601,99,"['@', 'I']",228,C,CCD
2022-05-12 19:53:37.830173665+00:00,D,21.71,458,['@'],229,C,CCD
2022-05-12 19:54:20.122348888+00:00,Q,21.69,5,"['@', 'I']",218,C,CCD
2022-05-12 19:54:20.122350964+00:00,Q,21.69,5,"['@', 'I']",219,C,CCD
2022-05-12 19:54:20.122351487+00:00,Q,21.69,5,"['@', 'I']",220,C,CCD
2022-05-12 19:54:20.122351957+00:00,Q,21.69,5,"['@', 'I']",221,C,CCD
2022-05-12 19:54:20.122352473+00:00,Q,21.69,5,"['@', 'I']",222,C,CCD
2022-05-12 19:54:20.122352933+00:00,Q,21.69,5,"['@', 'I']",223,C,CCD
2022-05-12 19:54:20.122353297+00:00,Q,21.69,5,"['@', 'I']",224,C,CCD
2022-05-12 19:54:20.122354798+00:00,Q,21.69,5,"['@', 'I']",225,C,CCD
2022-05-12 19:54:20.122355215+00:00,Q,21.69,5,"['@', 'I']",226,C,CCD
2022-05-12 19:54:20.122355572+00:00,Q,21.69,5,"['@', 'I']",227,C,CCD
2022-05-12 19:54:20.122355910+00:00,Q,21.69,5,"['@', 'I']",228,C,CCD
2022-05-12 19:54:20.122356268+00:00,Q,21.69,5,"['@', 'I']",229,C,CCD
2022-05-12 19:54:30.061867+00:00,K,21.69,5,"['@', 'I']",95,C,CCD
2022-05-12 19:54:30.061885+00:00,K,21.69,5,"['@', 'I']",96,C,CCD
2022-05-12 19:54:56.468949+00:00,K,21.65,100,['@'],97,C,CCD
2022-05-12 19:54:56.468972+00:00,D,21.65,100,['@'],230,C,CCD
2022-05-12 19:54:56.469038306+00:00,Q,21.66,100,['@'],230,C,CCD
2022-05-12 19:54:56.469038306+00:00,Q,21.65,100,['@'],231,C,CCD
2022-05-12 19:54:56.469232480+00:00,V,21.65,100,['@'],25,C,CCD
2022-05-12 19:54:56.469232480+00:00,V,21.65,100,['@'],26,C,CCD
2022-05-12 19:54:56.480127+00:00,K,21.64,145,['@'],98,C,CCD
2022-05-12 19:54:56.480496218+00:00,D,21.6401,145,['@'],231,C,CCD
2022-05-12 19:54:56.490000+00:00,D,21.64,287,['@'],234,C,CCD
2022-05-12 19:54:56.491033279+00:00,D,21.6401,287,['@'],232,C,CCD
2022-05-12 19:54:56.491259960+00:00,D,21.6401,68,"['@', 'I']",233,C,CCD
2022-05-12 19:55:56.726000+00:00,D,21.7065,538,['@'],27,C,CCD
2022-05-12 19:57:04.439000+00:00,D,21.6963,1000,['@'],28,C,CCD
2022-05-12 19:57:55.674919380+00:00,V,21.65,100,['@'],27,C,CCD
2022-05-12 19:58:08.407076523+00:00,Q,21.71,6,"['@', 'I']",232,C,CCD
2022-05-12 19:58:10.558000+00:00,D,21.7,500,['@'],235,C,CCD
2022-05-12 19:58:31.769248852+00:00,Q,21.7,100,['@'],233,C,CCD
2022-05-12 19:59:27.189963+00:00,D,21.65,100,['@'],236,C,CCD
2022-05-12 19:59:29.653438+00:00,J,21.64,100,['@'],9,C,CCD
2022-05-12 19:59:29.654594+00:00,Z,21.64,293,"['@', 'F']",48,C,CCD
2022-05-12 19:59:29.654819+00:00,K,21.64,293,"['@', 'F']",99,C,CCD
2022-05-12 19:59:29.655224832+00:00,P,21.64,100,"['@', 'F']",37,C,CCD
2022-05-12 19:59:29.655224832+00:00,P,21.64,10,"['@', 'F', 'I']",38,C,CCD
2022-05-12 19:59:53.057584+00:00,Y,21.74,6,"['@', 'F', 'I']",6,C,CCD
2022-05-12 19:59:54.474268+00:00,Z,21.65,285,['@'],49,C,CCD
2022-05-12 19:59:54.474734587+00:00,Q,21.65,137,"['@', 'F']",234,C,CCD
2022-05-12 19:59:54.482127841+00:00,Q,21.65,148,['@'],235,C,CCD
2022-05-12 19:59:54.482127841+00:00,Q,21.65,52,"['@', 'I']",236,C,CCD
2022-05-12 19:59:54.483512576+00:00,P,21.65,18,"['@', 'I']",39,C,CCD
2022-05-12 19:59:54.485476067+00:00,Q,21.65,28,"['@', 'I']",237,C,CCD
2022-05-12 19:59:54.485618688+00:00,P,21.65,200,"['@', 'F']",40,C,CCD
2022-05-12 19:59:55.862090+00:00,K,21.7,100,['@'],100,C,CCD
2022-05-12 19:59:55.863496+00:00,K,21.74,1,"['@', 'F', 'I']",101,C,CCD
2022-05-12 19:59:55.863496+00:00,K,21.74,4,"['@', 'F', 'I']",102,C,CCD
2022-05-12 19:59:58.017193647+00:00,Q,21.7,100,['@'],238,C,CCD
2022-05-12 19:59:58.017193647+00:00,Q,21.65,16,"['@', 'I']",239,C,CCD
2022-05-12 19:59:58.302000+00:00,D,21.65,100,['@'],237,C,CCD
2022-05-12 19:59:58.316875621+00:00,Q,21.65,196,"['@', 'F']",240,C,CCD
2022-05-12 20:00:00.110974976+00:00,P,21.65,100,"['@', 'M']",41,C,CCD
2022-05-12 20:00:00.684002342+00:00,Q,21.66,153,"['@', '6', 'X']",241,C,CCD
2022-05-12 20:00:02.393190928+00:00,Q,21.66,153,"['@', 'M']",242,C,CCD
2022-05-12 21:29:52.233980160+00:00,P,21.6,5,"['@', 'T', 'I']",42,C,CCD
2022-05-12 13:30:01.938011815+00:00,Q,10.9,27862,"['@', 'O', 'X']",1,C,CHI
2022-05-12 13:30:01.938025093+00:00,Q,10.9,27862,"['@', 'Q']",2,C,CHI
2022-05-12 13:30:03.197000+00:00,D,10.9,1,"['@', '4', 'I']",3,C,CHI
2022-05-12 13:30:04.024527065+00:00,D,10.9,126,"['@', '4']",1,C,CHI
2022-05-12 13:30:04.375227527+00:00,Q,11.095,316,"['@', 'F']",3,C,CHI
2022-05-12 13:31:18.386473897+00:00,Q,11.11,159,"['@', 'F']",4,C,CHI
2022-05-12 13:31:18.512188+00:00,K,11.11,300,"['@', 'F']",1,C,CHI
2022-05-12 13:31:18.512372610+00:00,Q,11.12,300,['@'],5,C,CHI
2022-05-12 13:31:18.513897599+00:00,Q,11.12,300,"['@', 'F']",6,C,CHI
2022-05-12 13:31:18.574545903+00:00,U,11.13,341,"['@', 'F']",1,C,CHI
2022-05-12 13:31:19.998927872+00:00,P,11.12,20,"['@', 'F', 'I']",1,C,CHI
2022-05-12 13:31:19.998927872+00:00,P,11.12,20,"['@', 'Q']",2,C,CHI
2022-05-12 13:31:20.058964736+00:00,P,11.13,80,"['@', 'F', 'I']",3,C,CHI
2022-05-12 13:31:20.059337216+00:00,P,11.13,300,"['@', 'F']",4,C,CHI
2022-05-12 13:31:20.212746240+00:00,P,11.14,7,"['@', 'F', 'I']",5,C,CHI
2022-05-12 13:31:20.212827392+00:00,P,11.14,100,['@'],6,C,CHI
2022-05-12 13:31:20.212903424+00:00,P,11.14,100,['@'],7,C,CHI
2022-05-12 13:31:20.213122816+00:00,P,11.14,493,"['@', 'F']",8,C,CHI
2022-05-12 13:31:21.757867+00:00,Z,11.12,115,"['@', 'F']",1,C,CHI
2022-05-12 13:31:25.238275+00:00,Z,11.1,600,"['@', 'F']",2,C,CHI
2022-05-12 13:31:28.274494208+00:00,P,11.13,275,"['@', 'F']",9,C,CHI
2022-05-12 13:31:29.490180913+00:00,D,11.082,200,['@'],4,C,CHI
2022-05-12 13:31:29.493920864+00:00,Q,11.08,100,['@'],7,C,CHI
2022-05-12 13:31:32.205514669+00:00,U,11.13,105,['@'],2,C,CHI
2022-05-12 13:31:32.295379627+00:00,U,11.14,100,['@'],3,C,CHI
2022-05-12 13:31:32.295643+00:00,K,11.13,120,"['@', 'F']",2,C,CHI
2022-05-12 13:31:32.295686+00:00,K,11.13,40,"['@', 'F', 'I']",3,C,CHI
2022-05-12 13:31:32.296058199+00:00,U,11.14,60,"['@', 'F', 'I']",4,C,CHI
2022-05-12 13:31:32.301033210+00:00,U,11.14,20,"['@', 'F', 'I']",5,C,CHI
2022-05-12 13:31:33.870394112+00:00,P,11.12,80,"['@', 'F', 'I']",10,C,CHI
2022-05-12 13:31:37.573538+00:00,Z,11.14,179,['@'],3,C,CHI
2022-05-12 13:31:38.812820+00:00,J,11.13,100,"['@', 'F']",1,C,CHI
2022-05-12 13:31:38.821628416+00:00,P,11.13,60,"['@', 'F', 'I']",11,C,CHI
2022-05-12 13:31:38.821742+00:00,K,11.14,20,"['@', 'F', 'I']",4,C,CHI
2022-05-12 13:31:38.821779+00:00,K,11.14,20,"['@', 'F', 'I']",5,C,CHI
2022-05-12 13:31:38.821794+00:00,K,11.14,20,"['@', 'F', 'I']",6,C,CHI
2022-05-12 13:31:38.822068224+00:00,P,11.13,20,"['@', 'F', 'I']",12,C,CHI
2022-05-12 13:31:38.887182+00:00,K,11.14,120,"['@', 'F']",7,C,CHI
2022-05-12 13:31:38.887188+00:00,Z,11.14,80,"['@', 'F', 'I']",4,C,CHI
2022-05-12 13:31:38.887599+00:00,Z,11.14,120,"['@', 'F']",5,C,CHI
2022-05-12 13:31:38.887683+00:00,Z,11.14,276,['@'],6,C,CHI
2022-05-12 13:31:39.442044143+00:00,D,11.104,10,"['@', 'I']",5,C,CHI
2022-05-12 13:31:41.972148480+00:00,P,11.13,65,"['@', 'F', 'I']",13,C,CHI
2022-05-12 13:31:43.284174894+00:00,Q,11.12,121,['@'],8,C,CHI
2022-05-12 13:31:43.365829592+00:00,Q,11.14,33,"['@', 'F', 'I']",9,C,CHI
2022-05-12 13:31:44.981136384+00:00,P,11.12,560,['@'],14,C,CHI
2022-05-12 13:31:46.827375872+00:00,P,11.12,3,"['@', 'F', 'I']",15,C,CHI
2022-05-12 13:31:46.844766+00:00,Z,11.12,100,['@'],7,C,CHI
2022-05-12 13:31:46.844949111+00:00,Q,11.12,38,"['@', 'F', 'I']",10,C,CHI
2022-05-12 13:31:46.844985600+00:00,P,11.12,3,"['@', 'F', 'I']",16,C,CHI
2022-05-12 13:31:46.932933120+00:00,P,11.12,94,"['@', 'I']",17,C,CHI
2022-05-12 13:31:46.933000960+00:00,N,11.13,3,"['@', 'F', 'I']",1,C,CHI
2022-05-12 13:31:46.933005056+00:00,P,11.13,6,"['@', 'F', 'I']",18,C,CHI
2022-05-12 13:31:46.933175530+00:00,Q,11.12,38,"['@', 'F', 'I']",11,C,CHI
2022-05-12 13:31:46.933381888+00:00,P,11.13,38,"['@', 'F', 'I']",19,C,CHI
2022-05-12 13:31:46.933420544+00:00,P,11.13,38,"['@', 'F', 'I']",20,C,CHI
2022-05-12 13:31:48.838385338+00:00,Q,11.12,24,"['@', 'F', 'I']",12,C,CHI
2022-05-12 13:31:48.838637056+00:00,N,11.12,3,"['@', 'F', 'I']",2,C,CHI
2022-05-12 13:31:48.846777344+00:00,P,11.13,6,"['@', 'F', 'I']",21,C,CHI
2022-05-12 13:31:50.253000+00:00,D,11.1271,3808,['@'],6,C,CHI
2022-05-12 13:31:52.757643+00:00,K,11.1,200,"['@', 'F']",8,C,CHI
2022-05-12 13:31:52.860286326+00:00,Q,11.12,64,"['@', 'F', 'I']",13,C,CHI
2022-05-12 13:31:52.860293672+00:00,Q,11.12,32,"['@', 'F', 'I']",14,C,CHI
2022-05-12 13:31:52.860295254+00:00,Q,11.12,32,"['@', 'F', 'I']",15,C,CHI
2022-05-12 13:31:52.860303468+00:00,Q,11.12,32,"['@', 'F', 'I']",16,C,CHI
2022-05-12 13:31:52.860304748+00:00,Q,11.12,40,"['@', 'F', 'I']",17,C,CHI
2022-05-12 13:33:04.335380690+00:00,V,11.05,100,['@'],1,C,CHI
2022-05-12 13:33:04.336000+00:00,D,11.0406,100,['@'],7,C,CHI
2022-05-12 13:33:04.336712572+00:00,V,11.05,100,['@'],2,C,CHI
2022-05-12 13:33:04.340000+00:00,D,11.0406,100,['@'],8,C,CHI
2022-05-12 13:33:04.353000+00:00,D,11.0406,100,['@'],9,C,CHI
2022-05-12 13:33:04.353111409+00:00,V,11.05,100,['@'],3,C,CHI
2022-05-12 13:33:04.470229643+00:00,V,11.05,100,['@'],4,C,CHI
2022-05-12 13:33:04.471000+00:00,D,11.0405,100,['@'],10,C,CHI
2022-05-12 13:33:04.657756581+00:00,Q,11.04,100,['@'],18,C,CHI
2022-05-12 13:33:29.039695700+00:00,D,11.02,5,"['@', 'I']",11,C,CHI
2022-05-12 13:34:28.691341534+00:00,Q,11.04,20,"['@', 'F', 'I']",19,C,CHI
2022-05-12 13:34:28.694525347+00:00,Q,11.04,20,"['@', 'F', 'I']",20,C,CHI
2022-05-12 13:34:31.724413+00:00,D,11.045,100,['@'],14,C,CHI
2022-05-12 13:34:31.724447+00:00,D,11.05,50,"['@', 'I']",12,C,CHI
2022-05-12 13:34:31.724475+00:00,D,11.05,700,['@'],13,C,CHI
2022-05-12 13:34:36.779194880+00:00,P,11.05,250,"['@', 'F']",22,C,CHI
2022-05-12 13:34:36.779360+00:00,P,11.05,55,"['@', 'I']",23,C,CHI
2022-05-12 13:35:34.593005565+00:00,D,11.03,100,['@'],15,C,CHI
2022-05-12 13:36:04.265385472+00:00,P,11.04,402,"['@', 'F']",24,C,CHI
2022-05-12 13:36:04.265445888+00:00,P,11.04,98,"['@', 'I']",25,C,CHI
2022-05-12 13:36:04.266000+00:00,D,11.0393,402,['@'],16,C,CHI
2022-05-12 13:36:04.266000+00:00,D,11.0993,500,['@'],17,C,CHI
2022-05-12 13:36:56.962462308+00:00,D,11.0587,41,"['@', 'I']",18,C,CHI
2022-05-12 13:37:16.442152+00:00,D,11.02,1600,['@'],1,C,CHI
2022-05-12 13:37:16.444909+00:00,D,11.02,62,"['@', 'I']",2,C,CHI
2022-05-12 13:37:23.070923+00:00,D,11.0248,390,['@'],19,C,CHI
2022-05-12 13:37:36.082741+00:00,K,11.05,5,"['@', 'I']",9,C,CHI
2022-05-12 13:38:37.307746816+00:00,P,11.01,1100,['@'],26,C,CHI
2022-05-12 13:38:37.312737+00:00,K,11.0,100,['@'],10,C,CHI
2022-05-12 13:38:37.312850+00:00,K,11.0,50,"['@', 'I']",11,C,CHI
2022-05-12 13:38:37.315278336+00:00,P,10.93,100,['@'],27,C,CHI
2022-05-12 13:38:37.319143680+00:00,P,10.93,100,['@'],28,C,CHI
2022-05-12 13:38:37.321000+00:00,D,10.9,11067,['@'],1,C,CHI
2022-05-12 13:38:55.471061760+00:00,P,10.97,98,"['@', 'I']",29,C,CHI
2022-05-12 13:38:55.474688+00:00,Z,10.98,52,"['@', 'F', 'I']",8,C,CHI
2022-05-12 13:38:55.863915+00:00,D,10.9233,4000,['@'],2,C,CHI
2022-05-12 13:40:20.589916813+00:00,D,10.985,50,"['@', 'I']",20,C,CHI
2022-05-12 13:40:51.058394293+00:00,D,10.99,1200,['@'],21,C,CHI
2022-05-12 13:44:19.619356567+00:00,Q,10.99,100,['@'],21,C,CHI
2022-05-12 13:44:19.621207314+00:00,Q,10.99,100,['@'],22,C,CHI
2022-05-12 13:44:19.624305009+00:00,Q,10.99,100,['@'],23,C,CHI
2022-05-12 13:44:38.457000+00:00,D,10.97,195,['@'],3,C,CHI
2022-05-12 13:45:46.360161683+00:00,D,10.94,1,"['@', 'I']",22,C,CHI
2022-05-12 13:48:27.508273109+00:00,D,10.9371,849,['@'],23,C,CHI
2022-05-12 13:48:40.370212502+00:00,Q,11.0,100,"['@', 'F']",24,C,CHI
2022-05-12 13:48:40.370251606+00:00,Q,11.0,201,['@'],25,C,CHI
2022-05-12 13:48:40.370251606+00:00,Q,11.0,100,['@'],26,C,CHI
2022-05-12 13:48:40.370251606+00:00,Q,11.0,97,"['@', 'I']",27,C,CHI
2022-05-12 13:48:40.370304620+00:00,Q,11.0,3,"['@', 'I']",28,C,CHI
2022-05-12 13:48:40.370304620+00:00,Q,11.0,100,['@'],29,C,CHI
2022-05-12 13:48:42.461602643+00:00,D,11.02,103,['@'],24,C,CHI
2022-05-12 13:49:08.979000+00:00,D,11.0332,2000,['@'],25,C,CHI
2022-05-12 13:49:13.957982903+00:00,Q,11.04,50,"['@', 'F', 'I']",30,C,CHI
2022-05-12 13:49:13.958875648+00:00,P,11.08,100,"['@', 'F']",30,C,CHI
2022-05-12 13:49:13.958875648+00:00,P,11.09,50,"['@', 'F', 'I']",31,C,CHI
2022-05-12 13:50:00.139427328+00:00,P,11.09,100,"['@', 'F']",32,C,CHI
2022-05-12 13:50:00.139427328+00:00,P,11.09,100,"['@', 'F']",33,C,CHI
2022-05-12 13:50:36.216287232+00:00,P,11.07,300,"['@', 'F']",34,C,CHI
2022-05-12 13:50:36.216293632+00:00,P,11.07,391,"['@', 'F']",35,C,CHI
2022-05-12 13:50:37.015459072+00:00,P,11.09,100,"['@', 'F']",36,C,CHI
2022-05-12 13:50:48.478000+00:00,D,11.04,10,"['@', 'I']",4,C,CHI
2022-05-12 13:50:53.395997243+00:00,Q,11.06,268,['@'],31,C,CHI
2022-05-12 13:50:53.396019430+00:00,Q,11.06,96,"['@', 'I']",32,C,CHI
2022-05-12 13:50:53.396039896+00:00,Q,11.06,45,"['@', 'I']",33,C,CHI
2022-05-12 13:50:54.064224512+00:00,P,11.09,100,"['@', 'F']",37,C,CHI
2022-05-12 13:50:59.310346990+00:00,D,11.0765,10,"['@', 'I']",26,C,CHI
2022-05-12 13:51:31.952000+00:00,D,11.0699,80,"['@', 'I']",5,C,CHI
2022-05-12 13:51:47.909000+00:00,D,11.0568,90,"['@', 'I']",6,C,CHI
2022-05-12 13:52:10.167542090+00:00,D,11.0646,100,['@'],27,C,CHI
2022-05-12 13:52:18.664281344+00:00,P,11.055,100,"['@', 'F']",38,C,CHI
2022-05-12 13:52:18.664281344+00:00,P,11.04,100,"['@', 'F']",39,C,CHI
2022-05-12 13:52:23.788185375+00:00,D,11.0697,451,['@'],28,C,CHI
2022-05-12 13:53:37.597339904+00:00,P,11.07,256,"['@', 'F']",40,C,CHI
2022-05-12 13:53:37.597368576+00:00,P,11.07,96,"['@', 'F', 'I']",41,C,CHI
2022-05-12 13:53:37.597369088+00:00,P,11.07,32,"['@', 'F', 'I']",42,C,CHI
2022-05-12 13:53:37.597386240+00:00,P,11.07,10,"['@', 'F', 'I']",43,C,CHI
2022-05-12 13:53:56.492651830+00:00,D,11.0694,1,"['@', 'I']",29,C,CHI
2022-05-12 13:54:08.711414282+00:00,D,11.0881,4,"['@', 'I']",30,C,CHI
2022-05-12 13:55:50.594000+00:00,D,11.0696,100,['@'],31,C,CHI
2022-05-12 13:57:08.176687+00:00,K,11.07,78,"['@', 'I']",12,C,CHI
2022-05-12 13:57:08.176687+00:00,K,11.07,100,['@'],13,C,CHI
2022-05-12 13:57:08.178213163+00:00,V,11.07,179,['@'],5,C,CHI
2022-05-12 13:57:08.179583+00:00,J,11.09,100,['@'],2,C,CHI
2022-05-12 13:57:08.179793217+00:00,Q,11.09,543,"['@', 'F']",34,C,CHI
2022-05-12 13:58:11.220946461+00:00,D,11.0771,7,"['@', 'I']",32,C,CHI
2022-05-12 13:58:22.226000+00:00,D,11.07,40,"['@', 'I']",33,C,CHI
2022-05-12 13:59:10.744893451+00:00,Q,11.08,100,"['@', 'F']",35,C,CHI
2022-05-12 13:59:11.251099672+00:00,U,11.05,100,"['@', 'F']",6,C,CHI
2022-05-12 13:59:11.251105+00:00,J,11.05,100,"['@', 'F']",3,C,CHI
2022-05-12 13:59:11.251146370+00:00,Q,11.05,840,"['@', 'F']",36,C,CHI
2022-05-12 13:59:11.251183063+00:00,Q,11.05,85,"['@', 'I']",37,C,CHI
2022-05-12 14:00:38.844000+00:00,D,11.05,74,"['@', 'I']",34,C,CHI
2022-05-12 14:00:38.844001192+00:00,Q,11.05,1,"['@', 'I']",38,C,CHI
2022-05-12 14:00:44.897000+00:00,D,11.29,1,"['@', 'Z', 'I']",67,C,CHI
2022-05-12 14:00:46.894676805+00:00,D,11.03,1,"['@', 'I']",35,C,CHI
2022-05-12 14:01:19.999054933+00:00,Q,11.07,22,"['@', 'F', 'I']",39,C,CHI
2022-05-12 14:01:19.999054933+00:00,Q,11.07,100,"['@', 'F']",40,C,CHI
2022-05-12 14:01:19.999054933+00:00,Q,11.07,78,"['@', 'F', 'I']",41,C,CHI
2022-05-12 14:02:02.719336+00:00,K,11.05,9,"['@', 'F', 'I']",14,C,CHI
2022-05-12 14:02:02.720000+00:00,D,11.05,2,"['@', 'I']",7,C,CHI
2022-05-12 14:02:02.723205+00:00,Z,11.04,1000,"['@', 'F']",9,C,CHI
2022-05-12 14:02:02.726749+00:00,K,11.03,100,"['@', 'F']",15,C,CHI
2022-05-12 14:02:02.726873982+00:00,Q,11.03,1100,"['@', 'F']",42,C,CHI
2022-05-12 14:02:02.729391168+00:00,V,11.02,100,['@'],6,C,CHI
2022-05-12 14:02:02.730632714+00:00,Q,11.02,1100,"['@', 'F']",43,C,CHI
2022-05-12 14:02:02.730632714+00:00,Q,11.01,100,"['@', 'F']",44,C,CHI
2022-05-12 14:02:02.730632714+00:00,Q,11.01,200,"['@', 'F']",45,C,CHI
2022-05-12 14:02:02.734095+00:00,Z,11.01,1100,"['@', 'F']",10,C,CHI
2022-05-12 14:02:02.734103+00:00,K,11.0,1000,"['@', 'F']",16,C,CHI
2022-05-12 14:02:02.734228455+00:00,Q,11.0,12,"['@', 'F', 'I']",46,C,CHI
2022-05-12 14:02:02.734228455+00:00,Q,11.0,100,"['@', 'F']",47,C,CHI
2022-05-12 14:02:02.734287992+00:00,Q,11.0,38,"['@', 'F', 'I']",48,C,CHI
2022-05-12 14:02:02.737884012+00:00,Q,11.01,100,"['@', 'F']",49,C,CHI
2022-05-12 14:02:02.737941248+00:00,P,11.01,1100,"['@', 'F']",44,C,CHI
2022-05-12 14:02:02.741395+00:00,K,11.0,300,"['@', 'F']",17,C,CHI
2022-05-12 14:02:02.741395+00:00,K,11.0,100,"['@', 'F']",18,C,CHI
2022-05-12 14:02:02.741395+00:00,K,11.0,500,"['@', 'F']",19,C,CHI
2022-05-12 14:02:02.741574656+00:00,P,11.01,1100,"['@', 'F']",45,C,CHI
2022-05-12 14:02:02.741574656+00:00,P,11.0,579,"['@', 'F']",46,C,CHI
2022-05-12 14:02:02.743000+00:00,D,11.0,5300,['@'],36,C,CHI
2022-05-12 14:03:08.010893389+00:00,D,10.9561,304,['@'],37,C,CHI
2022-05-12 14:04:00.167282802+00:00,Q,11.015,100,['@'],50,C,CHI
2022-05-12 14:04:10.697000+00:00,D,11.02,1,"['@', 'I']",38,C,CHI
2022-05-12 14:04:21.452394313+00:00,U,11.06,300,"['@', 'F']",7,C,CHI
2022-05-12 14:05:26.080306+00:00,K,11.07,200,"['@', 'F']",20,C,CHI
2022-05-12 14:06:24.472984+00:00,K,11.08,200,"['@', 'F']",21,C,CHI
2022-05-12 14:07:25.659726848+00:00,P,11.07,100,"['@', 'F']",47,C,CHI
2022-05-12 14:07:25.659726848+00:00,P,11.08,200,"['@', 'F']",48,C,CHI
2022-05-12 14:08:05.676679400+00:00,D,11.0743,50,"['@', 'I']",39,C,CHI
2022-05-12 14:08:12.675404+00:00,K,11.045,100,['@'],22,C,CHI
2022-05-12 14:08:12.675404+00:00,K,11.045,100,['@'],23,C,CHI
2022-05-12 14:08:12.675473669+00:00,Q,11.045,200,['@'],51,C,CHI
2022-05-12 14:08:12.675743122+00:00,V,11.045,147,['@'],7,C,CHI
2022-05-12 14:08:12.676439396+00:00,V,11.045,100,['@'],8,C,CHI
2022-05-12 14:08:12.677085981+00:00,V,11.045,153,['@'],9,C,CHI
2022-05-12 14:08:12.678092800+00:00,P,11.02,270,"['@', 'F']",49,C,CHI
2022-05-12 14:08:12.678109696+00:00,P,11.02,77,"['@', 'F', 'I']",50,C,CHI
2022-05-12 14:08:49.087280896+00:00,P,11.07,100,"['@', 'F']",51,C,CHI
2022-05-12 14:08:49.087280896+00:00,P,11.08,100,"['@', 'F']",52,C,CHI
2022-05-12 14:09:09.943000+00:00,D,11.04,22,"['@', 'I']",40,C,CHI
2022-05-12 14:09:19.670412+00:00,D,11.0631,3,"['@', 'I']",41,C,CHI
2022-05-12 14:09:44.893419520+00:00,P,11.05,5,"['@', 'F', 'I']",53,C,CHI
2022-05-12 14:09:44.894290501+00:00,Q,11.07,100,"['@', 'F']",52,C,CHI
2022-05-12 14:09:44.894290501+00:00,Q,11.08,195,"['@', 'F']",53,C,CHI
2022-05-12 14:10:05.255000+00:00,D,11.0,45,"['@', 'I']",42,C,CHI
2022-05-12 14:11:14.920980+00:00,K,11.08,100,"['@', 'F']",24,C,CHI
2022-05-12 14:11:14.920980+00:00,K,11.09,100,"['@', 'F']",25,C,CHI
2022-05-12 14:12:20.087160599+00:00,Q,11.12,100,"['@', 'F']",54,C,CHI
2022-05-12 14:12:20.087160599+00:00,Q,11.12,100,"['@', 'F']",55,C,CHI
2022-05-12 14:12:20.087160599+00:00,Q,11.12,100,"['@', 'F']",56,C,CHI
2022-05-12 14:13:45.978256+00:00,D,11.14,100,['@'],43,C,CHI
2022-05-12 14:16:25.323880909+00:00,D,11.1148,50,"['@', 'I']",44,C,CHI
2022-05-12 14:16:25.325957888+00:00,N,11.12,27,"['@', 'I']",3,C,CHI
2022-05-12 14:16:25.327644869+00:00,Q,11.13,100,['@'],57,C,CHI
2022-05-12 14:17:53.265915+00:00,K,11.08,100,"['@', 'F']",26,C,CHI
2022-05-12 14:17:53.265994153+00:00,Q,11.08,96,"['@', 'F', 'I']",58,C,CHI
2022-05-12 14:17:53.266025957+00:00,Q,11.08,310,"['@', 'F']",59,C,CHI
2022-05-12 14:17:53.266271132+00:00,Q,11.08,94,"['@', 'F', 'I']",60,C,CHI
2022-05-12 14:17:53.266271132+00:00,Q,11.08,116,"['@', 'F']",61,C,CHI
2022-05-12 14:17:53.676256107+00:00,Q,11.08,30,"['@', 'F', 'I']",62,C,CHI
2022-05-12 14:17:53.676272384+00:00,Q,11.08,154,"['@', 'F']",63,C,CHI
2022-05-12 14:17:53.676857892+00:00,V,11.05,100,['@'],10,C,CHI
2022-05-12 14:18:03.010139103+00:00,Q,11.04,46,"['@', 'F', 'I']",64,C,CHI
2022-05-12 14:18:34.992063298+00:00,D,11.05,1232,['@'],45,C,CHI
2022-05-12 14:21:13.831561302+00:00,V,11.11,100,['@'],11,C,CHI
2022-05-12 14:22:45.624895744+00:00,N,11.12,73,"['@', 'I']",4,C,CHI
2022-05-12 14:25:23.573000+00:00,D,11.105,500,['@'],46,C,CHI
2022-05-12 14:25:44.449473151+00:00,D,11.1263,350,['@'],47,C,CHI
2022-05-12 14:26:28.655000+00:00,D,11.11,70,"['@', 'I']",8,C,CHI
2022-05-12 14:27:40.716195+00:00,D,11.12,100,['@'],48,C,CHI
2022-05-12 14:28:01.636000+00:00,D,11.12,28,"['@', 'I']",9,C,CHI
2022-05-12 14:28:01.636036576+00:00,Q,11.12,1,"['@', 'F', 'I']",65,C,CHI
2022-05-12 14:28:36.101453629+00:00,D,11.06,27,"['@', 'I']",49,C,CHI
2022-05-12 14:28:51.747000+00:00,D,11.0922,2,"['@', 'I']",50,C,CHI
2022-05-12 14:29:23.956444+00:00,D,11.11,100,['@'],51,C,CHI
2022-05-12 14:32:04.409000+00:00,D,11.085,25,"['@', 'I']",52,C,CHI
2022-05-12 14:32:41.335836501+00:00,D,11.1087,6,"['@', 'I']",53,C,CHI
2022-05-12 14:34:44.415408852+00:00,D,11.06,100,['@'],54,C,CHI
2022-05-12 14:36:25.256590064+00:00,V,11.065,100,['@'],12,C,CHI
2022-05-12 14:36:44.539251897+00:00,V,11.065,100,['@'],13,C,CHI
2022-05-12 14:38:52.317669861+00:00,D,11.05,1100,['@'],55,C,CHI
2022-05-12 14:38:56.067231+00:00,K,11.04,205,['@'],27,C,CHI
2022-05-12 14:38:56.067231+00:00,K,11.04,100,['@'],28,C,CHI
2022-05-12 14:38:56.067263943+00:00,U,11.04,100,['@'],8,C,CHI
2022-05-12 14:38:56.067423232+00:00,P,11.04,70,"['@', 'I']",54,C,CHI
2022-05-12 14:38:56.067435431+00:00,Q,11.04,100,"['@', 'F']",66,C,CHI
2022-05-12 14:38:56.067435431+00:00,Q,11.04,100,"['@', 'F']",67,C,CHI
2022-05-12 14:38:56.067435431+00:00,Q,11.04,500,"['@', 'F']",68,C,CHI
2022-05-12 14:39:05.715540329+00:00,Q,11.06,20,"['@', 'F', 'I']",69,C,CHI
2022-05-12 14:39:06.723603200+00:00,P,11.06,60,"['@', 'F', 'I']",55,C,CHI
2022-05-12 14:39:06.723616768+00:00,P,11.06,30,"['@', 'F', 'I']",56,C,CHI
2022-05-12 14:39:06.723841024+00:00,P,11.06,2,"['@', 'F', 'I']",57,C,CHI
2022-05-12 14:39:07.268222853+00:00,D,11.045,100,['@'],10,C,CHI
2022-05-12 14:39:13.777290439+00:00,V,11.04,100,['@'],14,C,CHI
2022-05-12 14:39:19.821929404+00:00,V,11.04,100,['@'],15,C,CHI
2022-05-12 14:39:20.829113550+00:00,V,11.04,100,['@'],16,C,CHI
2022-05-12 14:39:22.841202585+00:00,V,11.04,100,['@'],17,C,CHI
2022-05-12 14:40:48.308000+00:00,D,11.0699,10,"['@', 'I']",56,C,CHI
2022-05-12 14:41:19.156000+00:00,D,11.0307,140,['@'],11,C,CHI
2022-05-12 14:42:48.076335478+00:00,V,11.04,100,['@'],18,C,CHI
2022-05-12 14:42:58.076114524+00:00,V,11.04,100,['@'],19,C,CHI
2022-05-12 14:43:11.296249+00:00,D,11.065,100,['@'],57,C,CHI
2022-05-12 14:49:17.732000+00:00,D,11.034,50,"['@', 'I']",12,C,CHI
2022-05-12 14:50:31.254386948+00:00,V,11.045,120,['@'],20,C,CHI
2022-05-12 14:50:31.256000+00:00,D,11.055,698,['@'],58,C,CHI
2022-05-12 14:50:31.257000+00:00,D,11.055,698,['@'],59,C,CHI
2022-05-12 14:50:31.259000+00:00,D,11.0695,800,['@'],13,C,CHI
2022-05-12 14:50:31.259197+00:00,D,11.07,102,['@'],60,C,CHI
2022-05-12 14:53:22.661998039+00:00,D,11.05,1000,['@'],61,C,CHI
2022-05-12 14:54:06.232000+00:00,D,11.05,20,"['@', 'I']",62,C,CHI
2022-05-12 14:54:30.517507419+00:00,D,11.03,21,"['@', 'I']",63,C,CHI
2022-05-12 14:55:33.933000+00:00,D,11.042,392,['@'],64,C,CHI
2022-05-12 14:55:37.383000+00:00,D,11.0524,80,"['@', 'I']",65,C,CHI
2022-05-12 14:56:44.675000+00:00,D,11.05,100,['@'],66,C,CHI
2022-05-12 14:57:10.240059203+00:00,V,11.05,100,['@'],21,C,CHI
2022-05-12 14:57:10.241308428+00:00,V,11.05,100,['@'],22,C,CHI
2022-05-12 14:57:48.473099027+00:00,V,11.07,30,"['@', 'I']",23,C,CHI
2022-05-12 14:57:48.498246+00:00,K,11.07,1000,"['@', 'F']",29,C,CHI
2022-05-12 14:57:48.498379196+00:00,Q,11.07,100,"['@', 'F']",70,C,CHI
2022-05-12 14:57:48.499026688+00:00,P,11.08,1100,"['@', 'F']",58,C,CHI
2022-05-12 14:57:48.499084544+00:00,P,11.1,225,['@'],59,C,CHI
2022-05-12 14:57:48.499090274+00:00,Q,11.07,32,"['@', 'I']",71,C,CHI
2022-05-12 14:57:48.499093248+00:00,P,11.1,875,['@'],60,C,CHI
2022-05-12 14:57:48.500332808+00:00,Q,11.08,200,"['@', 'F']",72,C,CHI
2022-05-12 14:57:48.501988+00:00,K,11.09,100,['@'],30,C,CHI
2022-05-12 14:58:42.797160307+00:00,Q,11.1,200,"['@', 'F']",73,C,CHI
2022-05-12 14:59:44.821065343+00:00,Q,11.1,35,"['@', 'F', 'I']",74,C,CHI
2022-05-12 15:01:36.945612085+00:00,V,11.075,100,['@'],24,C,CHI
2022-05-12 15:04:42.390390+00:00,Z,11.09,2,"['@', 'F', 'I']",11,C,CHI
2022-05-12 15:04:42.390390+00:00,Z,11.09,2,"['@', 'F', 'I']",12,C,CHI
2022-05-12 15:04:42.390395+00:00,K,11.09,2,"['@', 'F', 'I']",31,C,CHI
2022-05-12 15:04:42.390487552+00:00,P,11.09,2,"['@', 'F', 'I']",61,C,CHI
2022-05-12 15:04:42.390837972+00:00,V,11.075,100,['@'],25,C,CHI
2022-05-12 15:04:42.391338448+00:00,V,11.09,4,"['@', 'I']",26,C,CHI
2022-05-12 15:04:42.391849039+00:00,V,11.09,4,"['@', 'I']",27,C,CHI
2022-05-12 15:04:42.392572216+00:00,V,11.09,4,"['@', 'I']",28,C,CHI
2022-05-12 15:04:42.393051408+00:00,V,11.09,4,"['@', 'I']",29,C,CHI
2022-05-12 15:04:42.393531954+00:00,V,11.09,4,"['@', 'I']",30,C,CHI
2022-05-12 15:04:42.394010260+00:00,V,11.09,4,"['@', 'I']",31,C,CHI
2022-05-12 15:04:42.394488361+00:00,V,11.09,4,"['@', 'I']",32,C,CHI
2022-05-12 15:04:42.394962632+00:00,V,11.09,4,"['@', 'I']",33,C,CHI
2022-05-12 15:04:42.395440406+00:00,V,11.09,4,"['@', 'I']",34,C,CHI
2022-05-12 15:04:42.395916249+00:00,V,11.09,4,"['@', 'I']",35,C,CHI
2022-05-12 15:04:42.396387585+00:00,V,11.09,4,"['@', 'I']",36,C,CHI
2022-05-12 15:04:42.396867607+00:00,V,11.09,4,"['@', 'I']",37,C,CHI
2022-05-12 15:04:42.397344408+00:00,V,11.09,4,"['@', 'I']",38,C,CHI
2022-05-12 15:04:42.397824373+00:00,V,11.09,4,"['@', 'I']",39,C,CHI
2022-05-12 15:04:42.398301031+00:00,V,11.09,4,"['@', 'I']",40,C,CHI
2022-05-12 15:04:42.398782659+00:00,V,11.09,4,"['@', 'I']",41,C,CHI
2022-05-12 15:04:42.399553071+00:00,V,11.09,4,"['@', 'I']",42,C,CHI
2022-05-12 15:04:42.400037168+00:00,V,11.09,4,"['@', 'I']",43,C,CHI
2022-05-12 15:04:42.400522253+00:00,V,11.09,4,"['@', 'I']",44,C,CHI
2022-05-12 15:04:42.401000593+00:00,V,11.09,4,"['@', 'I']",45,C,CHI
2022-05-12 15:04:42.401481340+00:00,V,11.09,4,"['@', 'I']",46,C,CHI
2022-05-12 15:04:42.401962896+00:00,V,11.09,4,"['@', 'I']",47,C,CHI
2022-05-12 15:04:42.402441554+00:00,V,11.09,4,"['@', 'I']",48,C,CHI
2022-05-12 15:04:42.402921851+00:00,V,11.09,4,"['@', 'I']",49,C,CHI
2022-05-12 15:04:42.403392830+00:00,V,11.09,4,"['@', 'I']",50,C,CHI
2022-05-12 15:04:44.804065281+00:00,U,11.09,10,"['@', 'F', 'I']",9,C,CHI
2022-05-12 15:05:27.247000+00:00,D,11.0899,10,"['@', 'I']",68,C,CHI
2022-05-12 15:05:31.818000+00:00,D,11.09,1000,['@'],69,C,CHI
2022-05-12 15:05:32.299075584+00:00,P,11.09,200,"['@', 'F']",62,C,CHI
2022-05-12 15:06:18.870000+00:00,D,11.0899,100,['@'],70,C,CHI
2022-05-12 15:07:50.498502452+00:00,D,11.0615,1,"['@', 'I']",71,C,CHI
2022-05-12 15:08:51.221000+00:00,D,11.09,200,['@'],72,C,CHI
2022-05-12 15:08:51.222000+00:00,D,11.09,200,['@'],73,C,CHI
2022-05-12 15:08:51.223000+00:00,D,11.09,200,['@'],74,C,CHI
2022-05-12 15:09:22.891687168+00:00,P,11.09,29,"['@', 'I']",63,C,CHI
2022-05-12 15:09:22.891828+00:00,K,11.09,29,"['@', 'I']",32,C,CHI
2022-05-12 15:09:22.891874268+00:00,Q,11.09,100,['@'],75,C,CHI
2022-05-12 15:09:22.891882+00:00,Z,11.09,29,"['@', 'F', 'I']",13,C,CHI
2022-05-12 15:09:22.891882+00:00,Z,11.09,19,"['@', 'F', 'I']",14,C,CHI
2022-05-12 15:09:22.892061550+00:00,Q,11.1,100,['@'],76,C,CHI
2022-05-12 15:09:22.892784896+00:00,P,11.11,572,"['@', 'F']",64,C,CHI
2022-05-12 15:09:22.892829696+00:00,P,11.11,83,"['@', 'I']",65,C,CHI
2022-05-12 15:09:23.638850371+00:00,Q,11.17,100,"['@', 'F']",77,C,CHI
2022-05-12 15:09:23.638850371+00:00,Q,11.18,200,"['@', 'F']",78,C,CHI
2022-05-12 15:10:09.109470331+00:00,D,11.0705,4000,['@'],75,C,CHI
2022-05-12 15:10:09.685864+00:00,Z,11.13,4,"['@', 'F', 'I']",15,C,CHI
2022-05-12 15:10:09.685864+00:00,Z,11.13,4,"['@', 'F', 'I']",16,C,CHI
2022-05-12 15:10:09.686619+00:00,Z,11.16,100,"['@', 'F']",17,C,CHI
2022-05-12 15:10:09.686619+00:00,Z,11.17,92,"['@', 'F', 'I']",18,C,CHI
2022-05-12 15:10:57.217754999+00:00,D,11.1676,500,['@'],76,C,CHI
2022-05-12 15:11:33.175000+00:00,D,11.0601,250,['@'],14,C,CHI
2022-05-12 15:13:06.366000+00:00,D,11.0794,100,['@'],77,C,CHI
2022-05-12 15:13:31.992790+00:00,Z,11.12,25,"['@', 'F', 'I']",19,C,CHI
2022-05-12 15:13:31.992790+00:00,Z,11.12,15,"['@', 'F', 'I']",20,C,CHI
2022-05-12 15:13:31.993547264+00:00,P,11.12,4,"['@', 'I']",66,C,CHI
2022-05-12 15:13:31.993547264+00:00,P,11.13,56,"['@', 'I']",67,C,CHI
2022-05-12 15:14:05.324358467+00:00,D,11.0779,100,['@'],78,C,CHI
2022-05-12 15:14:52.879832187+00:00,D,11.0711,90,"['@', 'I']",79,C,CHI
2022-05-12 15:15:07.174000+00:00,D,11.1699,50,"['@', 'I']",15,C,CHI
2022-05-12 15:15:23.112947+00:00,K,11.12,4,"['@', 'F', 'I']",33,C,CHI
2022-05-12 15:15:23.114037504+00:00,P,11.13,33,"['@', 'F', 'I']",68,C,CHI
2022-05-12 15:15:23.114882+00:00,Z,11.15,100,"['@', 'F']",21,C,CHI
2022-05-12 15:15:23.114882+00:00,Z,11.16,63,"['@', 'F', 'I']",22,C,CHI
2022-05-12 15:15:36.227284911+00:00,Q,11.08,100,['@'],79,C,CHI
2022-05-12 15:15:36.229000+00:00,D,11.0919,100,['@'],16,C,CHI
2022-05-12 15:16:17.132000+00:00,D,11.1,400,['@'],17,C,CHI
2022-05-12 15:16:17.164166214+00:00,Q,11.07,100,"['@', 'F']",80,C,CHI
2022-05-12 15:16:17.165000+00:00,D,11.0901,100,['@'],18,C,CHI
2022-05-12 15:17:32.302125753+00:00,V,11.09,100,['@'],51,C,CHI
2022-05-12 15:18:28.771828186+00:00,Q,11.08,10,"['@', 'F', 'I']",81,C,CHI
2022-05-12 15:18:53.581636+00:00,K,11.09,100,['@'],34,C,CHI
2022-05-12 15:18:53.582105482+00:00,D,11.0901,100,['@'],80,C,CHI
2022-05-12 15:18:53.582691453+00:00,D,11.1,1708,['@'],81,C,CHI
2022-05-12 15:18:53.680999+00:00,D,11.1,1,"['@', '4', 'I']",82,C,CHI
2022-05-12 15:20:57.581074591+00:00,V,11.085,100,['@'],52,C,CHI
2022-05-12 15:20:57.582381+00:00,Z,11.11,1,"['@', 'F', 'I']",23,C,CHI
2022-05-12 15:20:57.582381+00:00,Z,11.11,17,"['@', 'F', 'I']",24,C,CHI
2022-05-12 15:20:57.582381+00:00,Z,11.11,100,"['@', 'F']",25,C,CHI
2022-05-12 15:20:57.583140+00:00,Z,11.12,82,"['@', 'I']",26,C,CHI
2022-05-12 15:20:57.583324+00:00,K,11.11,16,"['@', 'I']",35,C,CHI
2022-05-12 15:20:57.583574016+00:00,P,11.11,6,"['@', 'I']",69,C,CHI
2022-05-12 15:23:02.773877+00:00,K,11.1,100,"['@', 'F']",36,C,CHI
2022-05-12 15:25:06.952430195+00:00,V,11.1,100,['@'],53,C,CHI
2022-05-12 15:25:06.952430195+00:00,V,11.11,100,['@'],54,C,CHI
2022-05-12 15:27:28.522319429+00:00,D,11.0986,1800,['@'],83,C,CHI
2022-05-12 15:28:01.201529+00:00,Z,11.1,9,"['@', 'F', 'I']",27,C,CHI
2022-05-12 15:28:01.201529+00:00,Z,11.1,9,"['@', 'F', 'I']",28,C,CHI
2022-05-12 15:28:01.201529+00:00,Z,11.1,82,"['@', 'F', 'I']",29,C,CHI
2022-05-12 15:28:01.767801834+00:00,D,11.062,1,"['@', 'I']",84,C,CHI
2022-05-12 15:28:23.244942+00:00,K,11.1,9,"['@', 'F', 'I']",37,C,CHI
2022-05-12 15:28:23.245818276+00:00,U,11.11,91,"['@', 'I']",10,C,CHI
2022-05-12 15:28:47.339955+00:00,K,11.11,100,"['@', 'F']",38,C,CHI
2022-05-12 15:28:47.343778+00:00,K,11.11,100,"['@', 'F']",39,C,CHI
2022-05-12 15:29:29.064000+00:00,D,11.09,100,['@'],85,C,CHI
2022-05-12 15:29:58.864727+00:00,Z,11.11,83,"['@', 'I']",30,C,CHI
2022-05-12 15:30:31.459000+00:00,D,11.074,1,"['@', 'I']",86,C,CHI
2022-05-12 15:31:10.801893334+00:00,V,11.09,53,"['@', 'I']",55,C,CHI
2022-05-12 15:32:11.982000+00:00,D,11.0752,563,['@'],87,C,CHI
2022-05-12 15:33:07.125774218+00:00,D,11.1017,100,['@'],88,C,CHI
2022-05-12 15:34:07.313580+00:00,K,11.06,200,"['@', 'F']",40,C,CHI
2022-05-12 15:34:07.315190913+00:00,Q,11.06,100,"['@', 'F']",82,C,CHI
2022-05-12 15:34:07.320858790+00:00,Q,11.05,100,"['@', 'F']",83,C,CHI
2022-05-12 15:34:07.324000+00:00,D,11.01,3350,['@'],89,C,CHI
2022-05-12 15:34:36.773000+00:00,D,11.0101,980,['@'],19,C,CHI
2022-05-12 15:38:43.267000+00:00,D,11.05,10,"['@', 'I']",90,C,CHI
2022-05-12 15:39:47.892001803+00:00,D,11.0413,1,"['@', 'I']",91,C,CHI
2022-05-12 15:44:03.456000+00:00,D,11.0274,255,['@'],92,C,CHI
2022-05-12 15:44:27.513059+00:00,D,11.075,100,['@'],93,C,CHI
2022-05-12 15:44:33.134355068+00:00,Q,11.04,101,"['@', 'F']",84,C,CHI
2022-05-12 15:44:38.872789631+00:00,Q,11.06,432,"['@', 'F']",85,C,CHI
2022-05-12 15:44:38.872797035+00:00,Q,11.06,48,"['@', 'F', 'I']",86,C,CHI
2022-05-12 15:44:38.872812829+00:00,Q,11.06,195,"['@', 'F']",87,C,CHI
2022-05-12 15:44:38.872825534+00:00,Q,11.06,108,['@'],88,C,CHI
2022-05-12 15:44:38.872987890+00:00,Q,11.06,16,"['@', 'F', 'I']",89,C,CHI
2022-05-12 15:48:08.003722520+00:00,D,11.0358,750,['@'],94,C,CHI
2022-05-12 15:48:33.559481+00:00,D,11.059,890,['@'],95,C,CHI
2022-05-12 15:49:20.981000+00:00,D,11.07,200,['@'],96,C,CHI
2022-05-12 15:50:14.684509360+00:00,D,11.0572,10,"['@', 'I']",97,C,CHI
2022-05-12 15:52:49.839547392+00:00,P,11.03,20,"['@', 'F', 'I']",70,C,CHI
2022-05-12 15:52:49.839547392+00:00,P,11.03,10,"['@', 'F', 'I']",71,C,CHI
2022-05-12 15:52:49.839554816+00:00,P,11.03,10,"['@', 'F', 'I']",72,C,CHI
2022-05-12 15:52:49.839675173+00:00,U,11.03,20,"['@', 'F', 'I']",11,C,CHI
2022-05-12 15:54:25.947084032+00:00,P,11.02,384,"['@', 'F']",73,C,CHI
2022-05-12 15:54:25.947092992+00:00,P,11.02,48,"['@', 'F', 'I']",74,C,CHI
2022-05-12 15:54:25.947106048+00:00,P,11.02,68,"['@', 'F', 'I']",75,C,CHI
2022-05-12 15:54:25.998982+00:00,J,11.05,1,"['@', 'I']",4,C,CHI
2022-05-12 15:55:12.598743+00:00,D,11.03,117,['@'],98,C,CHI
2022-05-12 15:55:12.628401+00:00,K,11.01,77,"['@', 'I']",41,C,CHI
2022-05-12 15:55:12.628630784+00:00,P,11.03,1,"['@', 'F', 'I']",76,C,CHI
2022-05-12 15:55:12.628729815+00:00,V,11.01,100,['@'],56,C,CHI
2022-05-12 15:55:12.628729815+00:00,V,11.01,400,['@'],57,C,CHI
2022-05-12 15:55:20.468000+00:00,D,11.0428,200,['@'],99,C,CHI
2022-05-12 15:55:21.377575371+00:00,D,11.05,2332,['@'],100,C,CHI
2022-05-12 15:59:13.777397+00:00,K,11.01,123,['@'],42,C,CHI
2022-05-12 15:59:13.777500030+00:00,Q,11.01,700,['@'],90,C,CHI
2022-05-12 15:59:13.777525248+00:00,P,11.01,100,['@'],77,C,CHI
2022-05-12 15:59:13.777831+00:00,D,11.01,34,"['@', 'I']",101,C,CHI
2022-05-12 15:59:23.198120335+00:00,Q,11.0,1,"['@', 'F', 'I']",91,C,CHI
2022-05-12 15:59:23.198120335+00:00,Q,11.0,100,"['@', 'F']",92,C,CHI
2022-05-12 15:59:23.199000+00:00,D,11.0,1,"['@', 'I']",102,C,CHI
2022-05-12 15:59:23.828557+00:00,K,11.0,8,"['@', 'F', 'I']",43,C,CHI
2022-05-12 15:59:23.828557+00:00,K,11.0,4100,"['@', 'F']",44,C,CHI
2022-05-12 15:59:23.828557+00:00,K,11.0,92,"['@', 'F', 'I']",45,C,CHI
2022-05-12 15:59:23.828678065+00:00,U,11.0,88,"['@', 'F', 'I']",12,C,CHI
2022-05-12 15:59:23.828679+00:00,K,11.0,8,"['@', 'F', 'I']",46,C,CHI
2022-05-12 15:59:23.828701057+00:00,U,11.0,96,"['@', 'F', 'I']",13,C,CHI
2022-05-12 15:59:23.828719669+00:00,U,11.0,116,"['@', 'F']",14,C,CHI
2022-05-12 15:59:23.828719669+00:00,U,11.0,28,"['@', 'F', 'I']",15,C,CHI
2022-05-12 15:59:23.828732863+00:00,U,11.0,72,"['@', 'F', 'I']",16,C,CHI
2022-05-12 15:59:23.828756682+00:00,Q,11.0,124,['@'],93,C,CHI
2022-05-12 15:59:23.828787855+00:00,Q,11.0,450,"['@', 'F']",94,C,CHI
2022-05-12 15:59:23.828793874+00:00,Q,11.0,23,"['@', 'F', 'I']",95,C,CHI
2022-05-12 15:59:23.828802304+00:00,P,11.0,5,"['@', 'I']",78,C,CHI
2022-05-12 15:59:23.828802304+00:00,P,11.0,25,"['@', 'I']",79,C,CHI
2022-05-12 15:59:23.828802304+00:00,P,11.0,1,"['@', 'I']",80,C,CHI
2022-05-12 15:59:23.828810963+00:00,Q,11.0,3,"['@', 'F', 'I']",96,C,CHI
2022-05-12 15:59:23.828810963+00:00,Q,11.0,1,"['@', 'F', 'I']",97,C,CHI
2022-05-12 15:59:23.828810963+00:00,Q,11.0,34,"['@', 'F', 'I']",98,C,CHI
2022-05-12 15:59:23.829149+00:00,K,10.99,10,"['@', 'I']",47,C,CHI
2022-05-12 15:59:32.829000+00:00,D,10.99,25,"['@', 'I']",103,C,CHI
2022-05-12 15:59:32.833273+00:00,D,10.99,25,"['@', 'I']",104,C,CHI
2022-05-12 15:59:32.834021699+00:00,D,10.99,25,"['@', 'I']",105,C,CHI
2022-05-12 15:59:32.862008577+00:00,Q,10.99,100,"['@', 'F']",99,C,CHI
2022-05-12 16:00:26.610898432+00:00,P,10.98,775,"['@', 'F']",81,C,CHI
2022-05-12 16:00:26.610955520+00:00,P,10.98,30,"['@', 'F', 'I']",82,C,CHI
2022-05-12 16:00:26.610975232+00:00,P,10.98,165,['@'],83,C,CHI
2022-05-12 16:00:26.610977024+00:00,P,10.98,130,['@'],84,C,CHI
2022-05-12 16:00:26.611228311+00:00,Q,10.98,1,"['@', 'F', 'I']",100,C,CHI
2022-05-12 16:00:26.612000+00:00,D,10.9805,775,['@'],106,C,CHI
2022-05-12 16:00:26.612000+00:00,D,10.98,14,"['@', 'I']",107,C,CHI
2022-05-12 16:00:33.128675+00:00,Z,10.97,236,"['@', 'F']",31,C,CHI
2022-05-12 16:01:39.847910503+00:00,D,10.9949,320,['@'],108,C,CHI
2022-05-12 16:02:19.723232+00:00,K,10.99,50,"['@', 'I']",48,C,CHI
2022-05-12 16:02:20.616718848+00:00,P,10.97,1,"['@', 'I']",85,C,CHI
2022-05-12 16:16:10.742000+00:00,D,10.985,12,"['@', 'I']",109,C,CHI
2022-05-12 16:17:11.043087930+00:00,D,10.994,58,"['@', 'I']",110,C,CHI
2022-05-12 16:17:11.044000+00:00,D,10.9949,2900,['@'],111,C,CHI
2022-05-12 16:23:24.088000+00:00,D,10.9879,1500,['@'],112,C,CHI
2022-05-12 16:24:46.786841200+00:00,Q,10.99,90,"['@', 'F', 'I']",101,C,CHI
2022-05-12 16:24:46.786849898+00:00,Q,10.99,30,"['@', 'F', 'I']",102,C,CHI
2022-05-12 16:24:46.786951093+00:00,Q,10.99,30,"['@', 'I']",103,C,CHI
2022-05-12 16:25:19.286000+00:00,D,10.9955,2,"['@', 'I']",20,C,CHI
2022-05-12 16:27:22.148669339+00:00,Q,11.0,20,"['@', 'I']",104,C,CHI
2022-05-12 16:27:22.148669339+00:00,Q,11.0,80,"['@', 'I']",105,C,CHI
2022-05-12 16:27:22.148714388+00:00,Q,11.0,97,"['@', 'I']",106,C,CHI
2022-05-12 16:27:22.154510558+00:00,D,11.0,97,"['@', 'I']",113,C,CHI
2022-05-12 16:27:53.497560+00:00,D,11.0,6000,['@'],114,C,CHI
2022-05-12 16:30:44.778629694+00:00,D,10.9839,300,['@'],115,C,CHI
2022-05-12 16:31:17.794835079+00:00,D,10.98,800,['@'],116,C,CHI
2022-05-12 16:36:25.332057202+00:00,D,11.0,10,"['@', 'I']",117,C,CHI
2022-05-12 16:36:25.333000+00:00,D,11.0,2,"['@', 'I']",118,C,CHI
2022-05-12 16:40:20.345667558+00:00,D,11.0,50,"['@', 'I']",119,C,CHI
2022-05-12 16:42:06.052928695+00:00,D,10.999,5,"['@', 'I']",120,C,CHI
2022-05-12 16:44:36.338662534+00:00,Q,11.01,100,['@'],107,C,CHI
2022-05-12 16:44:36.338696805+00:00,Q,11.01,100,"['@', 'F']",108,C,CHI
2022-05-12 16:44:36.338696805+00:00,Q,11.01,100,"['@', 'F']",109,C,CHI
2022-05-12 16:45:04.593000+00:00,D,11.0003,500,['@'],121,C,CHI
2022-05-12 16:46:11.153866578+00:00,D,11.003,725,['@'],122,C,CHI
2022-05-12 16:50:00.866576896+00:00,P,11.0,450,"['@', 'F']",86,C,CHI
2022-05-12 16:50:00.866987+00:00,K,11.0,175,"['@', 'F']",49,C,CHI
2022-05-12 16:50:00.867124741+00:00,Q,11.0,100,['@'],110,C,CHI
2022-05-12 16:50:00.867129+00:00,D,11.0,100,['@'],123,C,CHI
2022-05-12 16:50:07.941438405+00:00,D,11.0,250,['@'],124,C,CHI
2022-05-12 16:50:14.369821+00:00,K,10.985,3,"['@', 'F', 'I']",50,C,CHI
2022-05-12 16:50:14.370716+00:00,K,10.985,3,"['@', 'F', 'I']",51,C,CHI
2022-05-12 16:50:14.371112+00:00,K,10.985,3,"['@', 'F', 'I']",52,C,CHI
2022-05-12 16:50:14.371490+00:00,K,10.985,3,"['@', 'F', 'I']",53,C,CHI
2022-05-12 16:50:14.371868+00:00,K,10.985,3,"['@', 'F', 'I']",54,C,CHI
2022-05-12 16:50:14.372245+00:00,K,10.985,3,"['@', 'F', 'I']",55,C,CHI
2022-05-12 16:54:53.745732160+00:00,Q,11.0,100,"['@', 'F']",111,C,CHI
2022-05-12 16:55:40.272619+00:00,K,10.985,3,"['@', 'F', 'I']",56,C,CHI
2022-05-12 16:56:59.929000+00:00,D,10.98,400,['@'],125,C,CHI
2022-05-12 16:58:03.765000+00:00,D,10.9922,50,"['@', 'I']",126,C,CHI
2022-05-12 16:58:30.471333+00:00,K,10.98,3,"['@', 'F', 'I']",57,C,CHI
2022-05-12 16:59:17.203537152+00:00,P,10.97,60,"['@', 'F', 'I']",87,C,CHI
2022-05-12 16:59:17.203544832+00:00,P,10.97,30,"['@', 'F', 'I']",88,C,CHI
2022-05-12 16:59:23.100451584+00:00,P,10.97,10,"['@', 'F', 'I']",89,C,CHI
2022-05-12 16:59:23.100451584+00:00,P,10.97,91,"['@', 'F', 'I']",90,C,CHI
2022-05-12 16:59:23.100761135+00:00,D,10.97,2,"['@', 'I']",127,C,CHI
2022-05-12 16:59:44.314802+00:00,D,11.015,12,"['@', 'I']",128,C,CHI
2022-05-12 17:01:07.329748304+00:00,D,10.99,3,"['@', 'I']",21,C,CHI
2022-05-12 17:02:24.085960183+00:00,D,11.007,2,"['@', 'I']",22,C,CHI
2022-05-12 17:02:49.349002036+00:00,D,10.995,1,"['@', 'I']",23,C,CHI
2022-05-12 17:04:09.477983140+00:00,D,10.995,2,"['@', 'I']",129,C,CHI
2022-05-12 17:04:53.898474+00:00,K,10.98,7,"['@', 'I']",58,C,CHI
2022-05-12 17:04:53.899000+00:00,D,10.98,2,"['@', 'I']",24,C,CHI
2022-05-12 17:06:41.647253665+00:00,D,10.99,1,"['@', 'I']",130,C,CHI
2022-05-12 17:07:08.795946+00:00,K,10.97,100,"['@', 'F']",59,C,CHI
2022-05-12 17:07:08.796109824+00:00,P,10.97,9,"['@', 'F', 'I']",91,C,CHI
2022-05-12 17:07:08.797000+00:00,D,10.9788,100,['@'],131,C,CHI
2022-05-12 17:07:08.797000+00:00,D,10.9788,9,"['@', 'I']",132,C,CHI
2022-05-12 17:07:08.800165648+00:00,U,10.96,100,"['@', 'F']",17,C,CHI
2022-05-12 17:07:08.800184+00:00,K,10.96,100,"['@', 'F']",60,C,CHI
2022-05-12 17:07:08.800305798+00:00,Q,10.96,100,"['@', 'F']",112,C,CHI
2022-05-12 17:07:08.801000+00:00,D,10.9788,100,['@'],133,C,CHI
2022-05-12 17:07:08.801000+00:00,D,10.9788,100,['@'],134,C,CHI
2022-05-12 17:07:08.802000+00:00,D,10.9788,100,['@'],135,C,CHI
2022-05-12 17:07:08.802102784+00:00,P,10.95,25,"['@', 'I']",92,C,CHI
2022-05-12 17:07:08.803000+00:00,D,10.9788,25,"['@', 'I']",136,C,CHI
2022-05-12 17:07:08.804413+00:00,K,10.95,45,"['@', 'F', 'I']",61,C,CHI
2022-05-12 17:07:08.804413+00:00,K,10.95,2,"['@', 'F', 'I']",62,C,CHI
2022-05-12 17:07:08.805000+00:00,D,10.9788,45,"['@', 'I']",137,C,CHI
2022-05-12 17:07:08.805000+00:00,D,10.9788,2,"['@', 'I']",138,C,CHI
2022-05-12 17:07:08.807317+00:00,V,10.94,100,['@'],58,C,CHI
2022-05-12 17:07:08.808000+00:00,D,10.9788,100,['@'],139,C,CHI
2022-05-12 17:07:08.808630+00:00,K,10.94,6,"['@', 'F', 'I']",63,C,CHI
2022-05-12 17:07:08.809000+00:00,D,10.9788,6,"['@', 'I']",140,C,CHI
2022-05-12 17:07:08.812602505+00:00,U,10.93,100,"['@', 'F']",18,C,CHI
2022-05-12 17:07:08.812616+00:00,Z,10.93,713,"['@', 'F']",32,C,CHI
2022-05-12 17:07:08.814000+00:00,D,10.9788,100,['@'],141,C,CHI
2022-05-12 17:07:08.814000+00:00,D,10.9788,713,['@'],142,C,CHI
2022-05-12 17:07:08.814000+00:00,D,10.95,1100,['@'],143,C,CHI
2022-05-12 17:09:26.299763445+00:00,D,10.9648,5,"['@', 'I']",144,C,CHI
2022-05-12 17:10:14.815547016+00:00,D,10.96,2,"['@', 'I']",25,C,CHI
2022-05-12 17:12:10.997727662+00:00,D,10.9739,109,['@'],145,C,CHI
2022-05-12 17:12:11.024065498+00:00,D,10.9781,2,"['@', 'I']",146,C,CHI
2022-05-12 17:13:25.887000+00:00,D,10.9766,2275,['@'],147,C,CHI
2022-05-12 17:14:03.921314482+00:00,Q,10.97,7,"['@', 'F', 'I']",113,C,CHI
2022-05-12 17:14:03.921421631+00:00,Q,10.97,100,['@'],114,C,CHI
2022-05-12 17:14:03.921536356+00:00,Q,10.97,93,"['@', 'I']",115,C,CHI
2022-05-12 17:14:03.921740288+00:00,P,10.97,112,['@'],93,C,CHI
2022-05-12 17:14:22.897000+00:00,D,10.9624,75,"['@', 'I']",26,C,CHI
2022-05-12 17:14:58.603000+00:00,D,10.9507,10,"['@', 'I']",27,C,CHI
2022-05-12 17:18:51.129362994+00:00,Q,10.93,100,"['@', 'F']",116,C,CHI
2022-05-12 17:18:51.131000+00:00,D,10.943,100,['@'],148,C,CHI
2022-05-12 17:18:51.133824+00:00,K,10.92,100,"['@', 'F']",64,C,CHI
2022-05-12 17:18:51.133824+00:00,K,10.92,2,"['@', 'F', 'I']",65,C,CHI
2022-05-12 17:18:51.133824+00:00,K,10.92,100,"['@', 'F']",66,C,CHI
2022-05-12 17:18:51.133996544+00:00,P,10.92,298,"['@', 'F']",94,C,CHI
2022-05-12 17:18:51.135000+00:00,D,10.94,100,['@'],149,C,CHI
2022-05-12 17:18:51.135000+00:00,D,10.94,2,"['@', 'I']",150,C,CHI
2022-05-12 17:18:51.135000+00:00,D,10.94,100,['@'],151,C,CHI
2022-05-12 17:18:51.135000+00:00,D,10.94,298,['@'],152,C,CHI
2022-05-12 17:21:36.870452769+00:00,D,10.9275,92,"['@', 'I']",153,C,CHI
2022-05-12 17:21:36.939021+00:00,D,10.9275,1,"['@', '4', 'I']",154,C,CHI
2022-05-12 17:21:46.071000+00:00,D,10.9699,79,"['@', 'I']",155,C,CHI
2022-05-12 17:22:04.217000+00:00,D,10.9551,4,"['@', 'I']",156,C,CHI
2022-05-12 17:23:41.706000+00:00,D,10.9495,10,"['@', 'I']",157,C,CHI
2022-05-12 17:24:33.095369293+00:00,Q,10.92,100,"['@', 'F']",117,C,CHI
2022-05-12 17:24:33.096000+00:00,D,10.934,100,['@'],158,C,CHI
2022-05-12 17:24:33.101000+00:00,D,10.948,1000,['@'],159,C,CHI
2022-05-12 17:24:33.101352+00:00,Z,10.92,1000,"['@', 'F']",33,C,CHI
2022-05-12 17:24:33.102000+00:00,D,10.948,2200,['@'],160,C,CHI
2022-05-12 17:25:17.348000+00:00,D,10.94,5,"['@', 'I']",161,C,CHI
2022-05-12 17:25:24.799654+00:00,D,10.9368,150,['@'],28,C,CHI
2022-05-12 17:26:10.449691657+00:00,D,10.935,50,"['@', 'I']",162,C,CHI
2022-05-12 17:26:38.384416828+00:00,D,10.935,15,"['@', 'I']",163,C,CHI
2022-05-12 17:26:43.164454+00:00,K,10.91,69,"['@', 'F', 'I']",67,C,CHI
2022-05-12 17:26:43.165000+00:00,D,10.9106,69,"['@', 'I']",164,C,CHI
2022-05-12 17:26:43.168000+00:00,D,10.91,100,['@'],165,C,CHI
2022-05-12 17:27:00.796000+00:00,D,10.9594,700,['@'],166,C,CHI
2022-05-12 17:28:50.877000+00:00,D,10.935,18,"['@', 'I']",29,C,CHI
2022-05-12 17:29:17.185000+00:00,D,10.9302,20,"['@', 'I']",30,C,CHI
2022-05-12 17:31:25.541721099+00:00,D,10.935,119,['@'],167,C,CHI
2022-05-12 17:32:08.050138615+00:00,D,10.9376,183,['@'],31,C,CHI
2022-05-12 17:32:08.196000+00:00,D,10.9305,200,['@'],32,C,CHI
2022-05-12 17:32:43.100828859+00:00,D,10.935,12,"['@', 'I']",33,C,CHI
2022-05-12 17:34:39.381572+00:00,K,10.91,31,"['@', 'I']",68,C,CHI
2022-05-12 17:34:39.381581249+00:00,U,10.91,2,"['@', 'I']",19,C,CHI
2022-05-12 17:34:39.381682783+00:00,Q,10.91,1,"['@', 'I']",118,C,CHI
2022-05-12 17:34:39.381682783+00:00,Q,10.91,100,['@'],119,C,CHI
2022-05-12 17:34:39.382549492+00:00,D,10.91,2746,['@'],168,C,CHI
2022-05-12 17:34:39.383000+00:00,D,10.91,58,"['@', 'I']",169,C,CHI
2022-05-12 17:37:28.607663+00:00,D,10.9099,5,"['@', 'I']",34,C,CHI
2022-05-12 17:37:28.607727+00:00,D,10.9,5,"['@', 'I']",35,C,CHI
2022-05-12 17:37:28.608623+00:00,D,10.925,77,"['@', 'I']",36,C,CHI
2022-05-12 17:39:04.445629+00:00,D,10.9274,5,"['@', 'I']",37,C,CHI
2022-05-12 17:41:47.571620+00:00,K,10.9,41,"['@', 'I']",69,C,CHI
2022-05-12 17:41:47.571652507+00:00,U,10.9,161,['@'],20,C,CHI
2022-05-12 17:41:47.571680474+00:00,U,10.9,178,['@'],21,C,CHI
2022-05-12 17:41:47.571788+00:00,K,10.9,10,"['@', 'I']",70,C,CHI
2022-05-12 17:41:47.571788+00:00,K,10.9,90,"['@', 'I']",71,C,CHI
2022-05-12 17:41:47.571852041+00:00,Q,10.9,100,"['@', 'F']",120,C,CHI
2022-05-12 17:41:47.571909+00:00,K,10.9,110,['@'],72,C,CHI
2022-05-12 17:41:47.571909+00:00,K,10.9,100,['@'],73,C,CHI
2022-05-12 17:41:47.571909+00:00,K,10.9,125,['@'],74,C,CHI
2022-05-12 17:41:47.572067965+00:00,D,10.9,630,['@'],170,C,CHI
2022-05-12 17:41:51.566807+00:00,K,10.89,2,"['@', 'F', 'I']",75,C,CHI
2022-05-12 17:41:51.566964+00:00,K,10.89,24,"['@', 'I']",76,C,CHI
2022-05-12 17:41:51.568000+00:00,D,10.89,8,"['@', 'I']",171,C,CHI
2022-05-12 17:41:51.573000+00:00,D,10.9,10,"['@', 'I']",38,C,CHI
2022-05-12 17:44:09.781435486+00:00,D,10.9,100,['@'],172,C,CHI
2022-05-12 17:44:19.805982093+00:00,D,10.9,100,['@'],173,C,CHI
2022-05-12 17:44:34.637332+00:00,K,10.895,71,"['@', 'I']",77,C,CHI
2022-05-12 17:44:34.637332+00:00,K,10.9,29,"['@', 'I']",78,C,CHI
2022-05-12 17:45:00.616867+00:00,K,10.9,71,"['@', 'I']",79,C,CHI
2022-05-12 17:45:00.617047+00:00,K,10.9,29,"['@', 'I']",80,C,CHI
2022-05-12 17:45:41.331000+00:00,D,10.8999,100,['@'],39,C,CHI
2022-05-12 17:46:06.006000+00:00,D,10.89,100,['@'],174,C,CHI
2022-05-12 17:46:25.375000+00:00,D,10.8855,66,"['@', 'I']",40,C,CHI
2022-05-12 17:47:29.499964+00:00,K,10.88,100,['@'],81,C,CHI
2022-05-12 17:47:29.500066467+00:00,Q,10.88,400,['@'],121,C,CHI
2022-05-12 17:47:29.500089856+00:00,P,10.88,100,['@'],95,C,CHI
2022-05-12 17:47:29.500481744+00:00,D,10.8801,100,['@'],175,C,CHI
2022-05-12 17:47:29.500637407+00:00,D,10.8801,400,['@'],176,C,CHI
2022-05-12 17:47:29.500759068+00:00,D,10.8801,100,['@'],177,C,CHI
2022-05-12 17:47:29.511573418+00:00,U,10.86,100,['@'],22,C,CHI
2022-05-12 17:47:29.511765463+00:00,Q,10.86,561,['@'],122,C,CHI
2022-05-12 17:47:29.511789056+00:00,P,10.86,10,"['@', 'I']",96,C,CHI
2022-05-12 17:47:29.511963781+00:00,D,10.8801,100,['@'],178,C,CHI
2022-05-12 17:47:29.512234476+00:00,D,10.8801,561,['@'],179,C,CHI
2022-05-12 17:47:29.512357634+00:00,D,10.8801,10,"['@', 'I']",180,C,CHI
2022-05-12 17:47:29.525426806+00:00,Q,10.86,7,"['@', 'I']",123,C,CHI
2022-05-12 17:47:29.525909624+00:00,D,10.8801,7,"['@', 'I']",181,C,CHI
2022-05-12 17:47:29.526073908+00:00,D,10.89,126,['@'],182,C,CHI
2022-05-12 17:47:31.526022490+00:00,U,10.88,30,"['@', 'F', 'I']",23,C,CHI
2022-05-12 17:48:18.558000+00:00,D,10.8741,100,['@'],41,C,CHI
2022-05-12 17:48:21.218988+00:00,K,10.87,100,"['@', 'F']",82,C,CHI
2022-05-12 17:48:21.219099415+00:00,Q,10.87,502,"['@', 'F']",124,C,CHI
2022-05-12 17:48:21.250874880+00:00,P,10.86,398,"['@', 'F']",97,C,CHI
2022-05-12 17:48:21.252000+00:00,D,10.87,398,['@'],183,C,CHI
2022-05-12 17:48:29.610652160+00:00,P,10.86,500,"['@', 'F']",98,C,CHI
2022-05-12 17:48:29.610885888+00:00,P,10.86,202,['@'],99,C,CHI
2022-05-12 17:50:09.799804443+00:00,D,10.865,100,['@'],184,C,CHI
2022-05-12 17:51:11.893000+00:00,D,10.8666,211,['@'],185,C,CHI
2022-05-12 17:52:52.162189234+00:00,Q,10.865,25,"['@', 'I']",125,C,CHI
2022-05-12 17:53:59.145023+00:00,K,10.86,10,"['@', 'F', 'I']",83,C,CHI
2022-05-12 17:53:59.148539218+00:00,U,10.85,100,"['@', 'F']",24,C,CHI
2022-05-12 17:53:59.148558+00:00,Z,10.85,933,"['@', 'F']",34,C,CHI
2022-05-12 17:53:59.148564+00:00,K,10.85,357,"['@', 'F']",84,C,CHI
2022-05-12 17:53:59.148687487+00:00,Q,10.85,100,"['@', 'F']",126,C,CHI
2022-05-12 17:53:59.148741376+00:00,P,10.85,100,"['@', 'F']",100,C,CHI
2022-05-12 17:54:42.717606187+00:00,D,10.85,50,"['@', 'I']",186,C,CHI
2022-05-12 17:56:33.287006+00:00,D,10.8599,133,['@'],187,C,CHI
2022-05-12 17:57:02.399800948+00:00,D,10.8591,100,['@'],188,C,CHI
2022-05-12 17:57:21.736259954+00:00,D,10.855,100,['@'],189,C,CHI
2022-05-12 17:57:21.737000+00:00,D,10.857,1400,['@'],190,C,CHI
2022-05-12 18:04:18.355274386+00:00,Q,10.86,20,"['@', 'I']",127,C,CHI
2022-05-12 18:04:18.355274386+00:00,Q,10.86,100,['@'],128,C,CHI
2022-05-12 18:04:18.355274386+00:00,Q,10.86,100,['@'],129,C,CHI
2022-05-12 18:04:18.355487+00:00,K,10.86,100,['@'],85,C,CHI
2022-05-12 18:06:33.523176462+00:00,Q,10.86,200,"['@', 'F']",130,C,CHI
2022-05-12 18:06:33.523212603+00:00,Q,10.86,80,"['@', 'F', 'I']",131,C,CHI
2022-05-12 18:06:39.526851+00:00,K,10.85,1,"['@', 'F', 'I']",86,C,CHI
2022-05-12 18:06:39.526851+00:00,K,10.85,99,"['@', 'I']",87,C,CHI
2022-05-12 18:07:21.763000+00:00,D,10.839,7,"['@', 'I']",191,C,CHI
2022-05-12 18:07:41.940798792+00:00,Q,10.84,10,"['@', 'I']",132,C,CHI
2022-05-12 18:07:41.948062+00:00,K,10.83,1000,['@'],88,C,CHI
2022-05-12 18:07:41.948062+00:00,K,10.83,100,['@'],89,C,CHI
2022-05-12 18:07:41.948161392+00:00,Q,10.83,1,"['@', 'I']",133,C,CHI
2022-05-12 18:07:41.949000+00:00,D,10.83,1,"['@', 'I']",192,C,CHI
2022-05-12 18:07:41.954804718+00:00,Q,10.82,167,['@'],134,C,CHI
2022-05-12 18:07:41.961094+00:00,Z,10.82,1100,['@'],35,C,CHI
2022-05-12 18:07:41.961194666+00:00,Q,10.82,100,['@'],135,C,CHI
2022-05-12 18:07:41.970226+00:00,K,10.81,100,['@'],90,C,CHI
2022-05-12 18:07:41.970234642+00:00,U,10.81,100,['@'],25,C,CHI
2022-05-12 18:07:41.970405279+00:00,Q,10.81,600,['@'],136,C,CHI
2022-05-12 18:07:41.978539690+00:00,Q,10.81,1100,['@'],137,C,CHI
2022-05-12 18:07:41.984127429+00:00,Q,10.8,100,['@'],138,C,CHI
2022-05-12 18:07:41.984127429+00:00,Q,10.8,1100,['@'],139,C,CHI
2022-05-12 18:07:41.984155136+00:00,P,10.8,500,['@'],101,C,CHI
2022-05-12 18:07:41.984155136+00:00,P,10.8,100,['@'],102,C,CHI
2022-05-12 18:07:41.987278592+00:00,P,10.8,260,['@'],103,C,CHI
2022-05-12 18:07:41.997096448+00:00,P,10.8,840,['@'],104,C,CHI
2022-05-12 18:07:42.045548+00:00,K,10.79,100,"['@', 'F']",91,C,CHI
2022-05-12 18:07:42.045752442+00:00,Q,10.79,1800,['@'],140,C,CHI
2022-05-12 18:07:42.045799680+00:00,P,10.79,312,['@'],105,C,CHI
2022-05-12 18:07:42.045888+00:00,P,10.79,188,['@'],106,C,CHI
2022-05-12 18:07:42.045983232+00:00,P,10.79,600,['@'],107,C,CHI
2022-05-12 18:07:42.046312+00:00,K,10.79,16,"['@', 'F', 'I']",92,C,CHI
2022-05-12 18:07:42.208566272+00:00,P,10.79,1100,"['@', 'F']",108,C,CHI
2022-05-12 18:07:42.210000+00:00,D,10.7941,188,['@'],193,C,CHI
2022-05-12 18:07:50.615825528+00:00,Q,10.76,10,"['@', 'F', 'I']",141,C,CHI
2022-05-12 18:07:50.616443392+00:00,P,10.76,90,"['@', 'F', 'I']",109,C,CHI
2022-05-12 18:09:40.081786+00:00,K,10.77,100,['@'],93,C,CHI
2022-05-12 18:09:40.081993216+00:00,P,10.77,700,['@'],110,C,CHI
2022-05-12 18:09:40.082168576+00:00,P,10.77,310,['@'],111,C,CHI
2022-05-12 18:10:14.900779265+00:00,U,10.78,100,['@'],26,C,CHI
2022-05-12 18:10:14.900965680+00:00,Q,10.78,100,"['@', 'F']",142,C,CHI
2022-05-12 18:10:14.900965680+00:00,Q,10.78,500,"['@', 'F']",143,C,CHI
2022-05-12 18:10:14.900965680+00:00,Q,10.78,100,"['@', 'F']",144,C,CHI
2022-05-12 18:10:14.900965680+00:00,Q,10.78,200,"['@', 'F']",145,C,CHI
2022-05-12 18:10:14.901113315+00:00,V,10.78,100,['@'],59,C,CHI
2022-05-12 18:10:14.901113315+00:00,V,10.78,100,['@'],60,C,CHI
2022-05-12 18:10:14.901113315+00:00,V,10.78,400,['@'],61,C,CHI
2022-05-12 18:10:32.534357839+00:00,D,10.7758,150,['@'],194,C,CHI
2022-05-12 18:12:05.398693+00:00,Z,10.76,100,['@'],36,C,CHI
2022-05-12 18:12:05.398842516+00:00,Q,10.76,1047,['@'],146,C,CHI
2022-05-12 18:12:05.398852352+00:00,P,10.76,135,['@'],112,C,CHI
2022-05-12 18:12:05.399120663+00:00,Q,10.76,53,"['@', 'I']",147,C,CHI
2022-05-12 18:13:07.384460+00:00,Z,10.76,798,"['@', 'F']",37,C,CHI
2022-05-12 18:13:07.384463+00:00,K,10.76,2,"['@', 'F', 'I']",94,C,CHI
2022-05-12 18:13:07.384702+00:00,Z,10.76,2,"['@', 'I']",38,C,CHI
2022-05-12 18:13:58.024446+00:00,K,10.75,4,"['@', 'I']",95,C,CHI
2022-05-12 18:13:58.024446+00:00,K,10.75,9,"['@', 'I']",96,C,CHI
2022-05-12 18:13:58.024446+00:00,K,10.75,100,['@'],97,C,CHI
2022-05-12 18:13:58.024598458+00:00,Q,10.75,187,['@'],148,C,CHI
