timestamp,exchange,price,size,conditions,id,tape,symbol
2022-05-06 13:30:01.634894053+00:00,Q,24.61,2374,"['@', 'O', 'X']",1,C,CCD
2022-05-06 13:30:01.634909893+00:00,Q,24.61,2374,"['@', 'Q']",2,C,CCD
2022-05-06 13:30:01.634914140+00:00,D,24.61,1580,"['@', '4']",1,C,CCD
2022-05-06 13:31:14.965200+00:00,D,24.61,1,"['@', 'I']",2,C,CCD
2022-05-06 13:31:16.089000+00:00,D,25.24,500,['@'],1,C,CCD
2022-05-06 13:32:54.940563186+00:00,D,24.96,50,"['@', 'I']",3,C,CCD
2022-05-06 13:36:16.232264+00:00,D,24.83,1,"['@', 'I']",1,C,CCD
2022-05-06 13:36:27.054521969+00:00,D,24.9886,200,['@'],4,C,CCD
2022-05-06 13:36:54.981642801+00:00,D,24.89,10,"['@', 'I']",5,C,CCD
2022-05-06 13:37:49.727866880+00:00,P,24.75,100,"['@', 'F']",1,C,CCD
2022-05-06 13:37:49.727866880+00:00,P,24.75,100,"['@', 'Q']",2,C,CCD
2022-05-06 13:37:49.819370752+00:00,P,24.75,100,"['@', 'F']",3,C,CCD
2022-05-06 13:37:49.909519360+00:00,P,24.75,100,"['@', 'F']",4,C,CCD
2022-05-06 13:37:50.000391424+00:00,P,24.75,100,"['@', 'F']",5,C,CCD
2022-05-06 13:37:50.092183552+00:00,P,24.75,100,"['@', 'F']",6,C,CCD
2022-05-06 13:39:09.541000+00:00,D,24.7888,617,['@'],6,C,CCD
2022-05-06 13:39:20.626000+00:00,D,24.6101,1000,['@'],7,C,CCD
2022-05-06 13:44:03.791932318+00:00,Q,24.75,10,"['@', 'I']",3,C,CCD
2022-05-06 13:45:00.308544804+00:00,D,24.74,100,['@'],2,C,CCD
2022-05-06 13:45:00.332610124+00:00,V,24.74,200,['@'],1,C,CCD
2022-05-06 13:45:54.735000+00:00,D,24.762,250,['@'],8,C,CCD
2022-05-06 13:45:54.739109998+00:00,H,24.83,100,"['@', 'F']",1,C,CCD
2022-05-06 13:45:54.739208796+00:00,X,24.83,85,"['@', 'F', 'I']",1,C,CCD
2022-05-06 13:47:05.164277821+00:00,Q,24.69,100,"['@', 'F']",4,C,CCD
2022-05-06 13:47:41.507000+00:00,D,24.7242,1,"['@', 'I']",9,C,CCD
2022-05-06 13:47:55.960148458+00:00,Q,24.6,100,"['@', 'F']",5,C,CCD
2022-05-06 13:47:55.974244+00:00,K,24.6,10,"['@', 'F', 'I']",1,C,CCD
2022-05-06 13:47:55.974244+00:00,K,24.6,90,"['@', 'F', 'I']",2,C,CCD
2022-05-06 13:47:55.994204674+00:00,U,24.6,100,"['@', 'F']",1,C,CCD
2022-05-06 13:47:56.006410399+00:00,U,24.6,100,"['@', 'F']",2,C,CCD
2022-05-06 13:47:56.019204+00:00,Z,24.54,100,"['@', 'F']",1,C,CCD
2022-05-06 13:47:56.020459+00:00,K,24.6,10,"['@', 'I']",3,C,CCD
2022-05-06 13:47:56.021379668+00:00,Q,24.55,100,['@'],6,C,CCD
2022-05-06 13:47:56.021627+00:00,K,24.59,2,"['@', 'I']",4,C,CCD
2022-05-06 13:47:56.022554+00:00,K,24.55,5,"['@', 'I']",5,C,CCD
2022-05-06 13:47:56.023577742+00:00,Q,24.53,10,"['@', 'I']",7,C,CCD
2022-05-06 13:47:56.023577742+00:00,Q,24.53,100,['@'],8,C,CCD
2022-05-06 13:47:56.023664896+00:00,P,24.53,100,['@'],7,C,CCD
2022-05-06 13:47:56.024423936+00:00,P,24.52,70,"['@', 'F', 'I']",8,C,CCD
2022-05-06 13:47:56.024951296+00:00,P,24.52,430,['@'],9,C,CCD
2022-05-06 13:47:56.025000+00:00,D,24.51,120,['@'],3,C,CCD
2022-05-06 13:47:56.025945175+00:00,Q,24.52,200,['@'],9,C,CCD
2022-05-06 13:47:56.026739872+00:00,Q,24.51,250,['@'],10,C,CCD
2022-05-06 13:47:56.026739872+00:00,Q,24.51,25,"['@', 'I']",11,C,CCD
2022-05-06 13:47:56.027448+00:00,K,24.5,91,"['@', 'I']",6,C,CCD
2022-05-06 13:47:56.031003904+00:00,P,24.51,100,"['@', 'F']",10,C,CCD
2022-05-06 13:47:56.052614912+00:00,P,24.51,100,"['@', 'F']",11,C,CCD
2022-05-06 13:47:56.077059072+00:00,P,24.51,100,"['@', 'F']",12,C,CCD
2022-05-06 13:47:56.105025536+00:00,P,24.51,100,"['@', 'F']",13,C,CCD
2022-05-06 13:49:47.548545304+00:00,D,24.57,100,['@'],4,C,CCD
2022-05-06 13:49:48.491000+00:00,D,24.5858,250,['@'],10,C,CCD
2022-05-06 13:49:59.171421634+00:00,D,24.59,1,"['@', 'I']",11,C,CCD
2022-05-06 13:52:46.751297382+00:00,D,24.5147,200,['@'],12,C,CCD
2022-05-06 13:53:41.879498525+00:00,D,24.5,300,['@'],13,C,CCD
2022-05-06 13:54:47.065000+00:00,D,24.5933,4,"['@', 'I']",14,C,CCD
2022-05-06 13:56:40.470000+00:00,D,24.565,3013,['@'],15,C,CCD
2022-05-06 13:57:58.899685+00:00,K,24.5,9,"['@', 'F', 'I']",7,C,CCD
2022-05-06 13:57:58.899685+00:00,K,24.5,100,"['@', 'F']",8,C,CCD
2022-05-06 13:57:58.899685+00:00,K,24.5,491,"['@', 'F']",9,C,CCD
2022-05-06 13:57:58.899824+00:00,K,24.5,1471,"['@', 'F']",10,C,CCD
2022-05-06 13:57:58.899933+00:00,K,24.5,200,"['@', 'F']",11,C,CCD
2022-05-06 13:57:58.899975+00:00,K,24.5,3,"['@', 'I']",12,C,CCD
2022-05-06 13:57:58.899975+00:00,K,24.5,100,['@'],13,C,CCD
2022-05-06 13:57:58.899975+00:00,K,24.5,4,"['@', 'I']",14,C,CCD
2022-05-06 13:57:58.900004218+00:00,Q,24.5,10,"['@', 'F', 'I']",12,C,CCD
2022-05-06 13:57:58.900004218+00:00,Q,24.5,6,"['@', 'F', 'I']",13,C,CCD
2022-05-06 13:57:58.900024567+00:00,Q,24.5,279,['@'],14,C,CCD
2022-05-06 13:57:58.900064833+00:00,Q,24.5,100,['@'],15,C,CCD
2022-05-06 13:57:58.900070566+00:00,Q,24.5,16,"['@', 'F', 'I']",16,C,CCD
2022-05-06 13:57:58.900084061+00:00,Q,24.5,16,"['@', 'F', 'I']",17,C,CCD
2022-05-06 13:57:58.900087756+00:00,Q,24.5,32,"['@', 'F', 'I']",18,C,CCD
2022-05-06 13:57:58.900104153+00:00,Q,24.5,16,"['@', 'F', 'I']",19,C,CCD
2022-05-06 13:57:58.900107540+00:00,U,24.5,43,"['@', 'F', 'I']",3,C,CCD
2022-05-06 13:57:58.900180684+00:00,Q,24.5,35,"['@', 'F', 'I']",20,C,CCD
2022-05-06 13:57:58.900180684+00:00,Q,24.5,1,"['@', 'F', 'I']",21,C,CCD
2022-05-06 13:58:17.355380687+00:00,D,24.535,15,"['@', 'I']",16,C,CCD
2022-05-06 13:58:50.943000+00:00,D,24.535,200,['@'],17,C,CCD
2022-05-06 14:00:59.065000+00:00,D,24.552,98,"['@', 'I']",18,C,CCD
2022-05-06 14:00:59.076000+00:00,D,24.54,1,"['@', 'I']",19,C,CCD
2022-05-06 14:00:59.080000+00:00,D,24.54,1,"['@', 'I']",20,C,CCD
2022-05-06 14:01:17.661091253+00:00,V,24.51,100,['@'],2,C,CCD
2022-05-06 14:01:17.663162637+00:00,D,24.51,100,['@'],5,C,CCD
2022-05-06 14:02:46.225660186+00:00,D,24.4868,54,"['@', 'I']",21,C,CCD
2022-05-06 14:03:47.484000+00:00,D,24.5095,1663,['@'],6,C,CCD
2022-05-06 14:03:52.694454+00:00,D,24.49,100,['@'],22,C,CCD
2022-05-06 14:03:52.694455+00:00,D,24.48,400,['@'],23,C,CCD
2022-05-06 14:03:52.696574+00:00,Z,24.49,100,['@'],2,C,CCD
2022-05-06 14:03:52.696632320+00:00,P,24.49,100,['@'],14,C,CCD
2022-05-06 14:03:52.696632320+00:00,P,24.48,100,['@'],15,C,CCD
2022-05-06 14:03:52.696635539+00:00,Q,24.49,100,['@'],22,C,CCD
2022-05-06 14:03:52.696661183+00:00,Q,24.49,100,['@'],23,C,CCD
2022-05-06 14:03:52.722606433+00:00,D,24.482,400,['@'],24,C,CCD
2022-05-06 14:03:52.722839434+00:00,Q,24.49,100,['@'],24,C,CCD
2022-05-06 14:03:52.723000+00:00,D,24.4908,300,['@'],25,C,CCD
2022-05-06 14:05:03.243339705+00:00,D,24.51,100,['@'],7,C,CCD
2022-05-06 14:05:21.950000+00:00,D,24.515,100,['@'],26,C,CCD
2022-05-06 14:05:21.950702642+00:00,H,24.54,100,"['@', 'F']",2,C,CCD
2022-05-06 14:05:21.950787955+00:00,H,24.54,100,"['@', 'F']",3,C,CCD
2022-05-06 14:05:21.950831172+00:00,Q,24.54,201,"['@', 'F']",25,C,CCD
2022-05-06 14:05:21.950839993+00:00,Q,24.54,128,"['@', 'F']",26,C,CCD
2022-05-06 14:05:21.950842736+00:00,H,24.54,100,"['@', 'F']",4,C,CCD
2022-05-06 14:05:21.950895900+00:00,H,24.54,100,"['@', 'F']",5,C,CCD
2022-05-06 14:05:21.950903517+00:00,Q,24.54,2,"['@', 'F', 'I']",27,C,CCD
2022-05-06 14:05:21.950951374+00:00,H,24.54,100,"['@', 'F']",6,C,CCD
2022-05-06 14:05:21.950964361+00:00,Q,24.54,2,"['@', 'F', 'I']",28,C,CCD
2022-05-06 14:05:21.951105+00:00,D,24.515,100,['@'],27,C,CCD
2022-05-06 14:05:21.951136+00:00,Z,24.6,25,"['@', 'F', 'I']",3,C,CCD
2022-05-06 14:05:21.951153479+00:00,Q,24.54,2,"['@', 'F', 'I']",29,C,CCD
2022-05-06 14:05:21.951201095+00:00,Q,24.54,2,"['@', 'F', 'I']",30,C,CCD
2022-05-06 14:05:21.951216989+00:00,Q,24.54,16,"['@', 'F', 'I']",31,C,CCD
2022-05-06 14:05:21.951237938+00:00,Q,24.54,2,"['@', 'F', 'I']",32,C,CCD
2022-05-06 14:05:21.951275180+00:00,Q,24.54,2,"['@', 'F', 'I']",33,C,CCD
2022-05-06 14:05:21.951316602+00:00,Q,24.54,2,"['@', 'F', 'I']",34,C,CCD
2022-05-06 14:05:21.951354281+00:00,Q,24.54,2,"['@', 'F', 'I']",35,C,CCD
2022-05-06 14:05:21.951390099+00:00,Q,24.54,2,"['@', 'F', 'I']",36,C,CCD
2022-05-06 14:05:21.951424852+00:00,Q,24.54,2,"['@', 'F', 'I']",37,C,CCD
2022-05-06 14:05:21.951460808+00:00,Q,24.54,2,"['@', 'F', 'I']",38,C,CCD
2022-05-06 14:05:21.951496224+00:00,Q,24.54,2,"['@', 'F', 'I']",39,C,CCD
2022-05-06 14:05:21.951530848+00:00,Q,24.54,2,"['@', 'F', 'I']",40,C,CCD
2022-05-06 14:05:22.072656+00:00,D,24.54,1,"['@', '4', 'I']",28,C,CCD
2022-05-06 14:05:25.636000+00:00,D,24.6782,80,"['@', 'I']",29,C,CCD
2022-05-06 14:08:26.677145376+00:00,D,24.571,50,"['@', 'I']",30,C,CCD
2022-05-06 14:09:23.604789538+00:00,D,24.605,25,"['@', 'I']",31,C,CCD
2022-05-06 14:10:35.295466+00:00,K,24.55,100,['@'],15,C,CCD
2022-05-06 14:10:35.295647+00:00,K,24.54,100,['@'],16,C,CCD
2022-05-06 14:10:35.295811722+00:00,Q,24.55,100,['@'],41,C,CCD
2022-05-06 14:10:35.295889404+00:00,Q,24.54,1,"['@', 'F', 'I']",42,C,CCD
2022-05-06 14:10:35.295889404+00:00,Q,24.54,95,"['@', 'F', 'I']",43,C,CCD
2022-05-06 14:10:35.295951957+00:00,Q,24.54,5,"['@', 'I']",44,C,CCD
2022-05-06 14:10:35.295951957+00:00,Q,24.54,1,"['@', 'I']",45,C,CCD
2022-05-06 14:10:35.295951957+00:00,Q,24.54,94,"['@', 'I']",46,C,CCD
2022-05-06 14:10:35.296000+00:00,D,24.54,39,"['@', 'I']",32,C,CCD
2022-05-06 14:10:35.296110150+00:00,Q,24.54,100,['@'],47,C,CCD
2022-05-06 14:10:35.296427+00:00,J,24.54,25,"['@', 'F', 'I']",1,C,CCD
2022-05-06 14:10:35.296438+00:00,K,24.54,100,['@'],17,C,CCD
2022-05-06 14:10:35.296442+00:00,Y,24.54,25,"['@', 'F', 'I']",1,C,CCD
2022-05-06 14:10:35.296501138+00:00,Q,24.54,100,['@'],48,C,CCD
2022-05-06 14:10:35.296501138+00:00,Q,24.54,100,['@'],49,C,CCD
2022-05-06 14:10:35.296559+00:00,Z,24.54,59,"['@', 'I']",4,C,CCD
2022-05-06 14:10:35.296577+00:00,Z,24.54,41,"['@', 'I']",5,C,CCD
2022-05-06 14:10:35.296577+00:00,Z,24.53,126,['@'],6,C,CCD
2022-05-06 14:10:35.296673024+00:00,C,24.54,2,"['@', 'F', 'I']",1,C,CCD
2022-05-06 14:10:45.940000+00:00,D,24.5564,2,"['@', 'I']",8,C,CCD
2022-05-06 14:14:06.979000+00:00,D,24.6733,10,"['@', 'I']",33,C,CCD
2022-05-06 14:16:34.744358412+00:00,D,24.77,1100,['@'],34,C,CCD
2022-05-06 14:16:34.747000+00:00,D,24.77,1,"['@', 'I']",35,C,CCD
2022-05-06 14:16:41.338650044+00:00,D,24.6549,900,['@'],36,C,CCD
2022-05-06 14:18:39.558181537+00:00,V,24.715,200,['@'],3,C,CCD
2022-05-06 14:18:39.559240809+00:00,V,24.72,15,"['@', 'I']",4,C,CCD
2022-05-06 14:20:24.748365+00:00,D,24.79,200,['@'],2,C,CCD
2022-05-06 14:20:30.139000+00:00,D,24.7489,250,['@'],37,C,CCD
2022-05-06 14:20:38.307009+00:00,J,24.74,50,"['@', 'I']",2,C,CCD
2022-05-06 14:20:38.307009+00:00,J,24.74,50,"['@', 'I']",3,C,CCD
2022-05-06 14:21:21.130686505+00:00,D,24.66,1,"['@', 'I']",38,C,CCD
2022-05-06 14:21:32.078792+00:00,J,24.75,50,"['@', 'I']",4,C,CCD
2022-05-06 14:21:32.078792+00:00,J,24.75,50,"['@', 'I']",5,C,CCD
2022-05-06 14:22:46.799478+00:00,D,24.735,100,['@'],39,C,CCD
2022-05-06 14:22:47.331749605+00:00,V,24.735,200,['@'],5,C,CCD
2022-05-06 14:22:52.951833+00:00,J,24.75,50,"['@', 'F', 'I']",6,C,CCD
2022-05-06 14:22:52.951871+00:00,J,24.75,50,"['@', 'I']",7,C,CCD
2022-05-06 14:22:55.312474+00:00,D,24.735,100,['@'],40,C,CCD
2022-05-06 14:22:57.359455+00:00,D,24.735,100,['@'],41,C,CCD
2022-05-06 14:22:59.770129+00:00,J,24.76,50,"['@', 'I']",8,C,CCD
2022-05-06 14:22:59.770129+00:00,J,24.76,50,"['@', 'I']",9,C,CCD
2022-05-06 14:23:01.692836+00:00,D,24.735,100,['@'],42,C,CCD
2022-05-06 14:23:21.246256580+00:00,V,24.66,8,"['@', 'I']",6,C,CCD
2022-05-06 14:24:10.857000+00:00,D,24.7512,200,['@'],43,C,CCD
2022-05-06 14:25:10.521171851+00:00,D,24.82,4,"['@', 'I']",44,C,CCD
2022-05-06 14:26:30.710000+00:00,D,24.7301,40,"['@', 'I']",45,C,CCD
2022-05-06 14:27:29.832092+00:00,J,24.78,16,"['@', 'F', 'I']",10,C,CCD
2022-05-06 14:27:29.832126+00:00,J,24.78,34,"['@', 'F', 'I']",11,C,CCD
2022-05-06 14:27:29.832142+00:00,J,24.78,34,"['@', 'F', 'I']",12,C,CCD
2022-05-06 14:27:29.832218+00:00,J,24.78,16,"['@', 'F', 'I']",13,C,CCD
2022-05-06 14:27:35.246086+00:00,D,24.765,100,['@'],46,C,CCD
2022-05-06 14:29:38.087872+00:00,K,24.765,100,['@'],18,C,CCD
2022-05-06 14:29:49.295718526+00:00,Q,24.73,100,['@'],50,C,CCD
2022-05-06 14:29:49.295935+00:00,K,24.73,100,['@'],19,C,CCD
2022-05-06 14:29:59.066481987+00:00,Q,24.71,100,"['@', 'F']",51,C,CCD
2022-05-06 14:29:59.066712+00:00,K,24.71,100,"['@', 'F']",20,C,CCD
2022-05-06 14:36:15.628085610+00:00,Q,24.71,100,['@'],52,C,CCD
2022-05-06 14:36:15.628307734+00:00,U,24.7,100,['@'],4,C,CCD
2022-05-06 14:36:15.628314830+00:00,U,24.7,100,"['@', 'F']",5,C,CCD
2022-05-06 14:36:15.629758735+00:00,Q,24.7,16,"['@', 'F', 'I']",53,C,CCD
2022-05-06 14:36:15.629766520+00:00,Q,24.7,16,"['@', 'F', 'I']",54,C,CCD
2022-05-06 14:36:15.630013937+00:00,Q,24.7,168,"['@', 'F']",55,C,CCD
2022-05-06 14:36:16.658909444+00:00,V,24.69,100,['@'],7,C,CCD
2022-05-06 14:36:16.660614262+00:00,V,24.69,100,['@'],8,C,CCD
2022-05-06 14:36:48.085113728+00:00,V,24.67,100,['@'],9,C,CCD
2022-05-06 14:37:02.155424512+00:00,P,24.67,25,"['@', 'I']",16,C,CCD
2022-05-06 14:37:18.810000+00:00,D,24.705,100,['@'],47,C,CCD
2022-05-06 14:38:06.827579395+00:00,D,24.71,500,['@'],48,C,CCD
2022-05-06 14:39:27.755512314+00:00,V,24.68,100,['@'],10,C,CCD
2022-05-06 14:39:47.259348777+00:00,D,24.77,6,"['@', 'I']",49,C,CCD
2022-05-06 14:39:52.008749930+00:00,V,24.68,100,['@'],11,C,CCD
2022-05-06 14:41:25.771007022+00:00,Q,24.685,100,['@'],56,C,CCD
2022-05-06 14:46:09.232319877+00:00,V,24.68,100,['@'],12,C,CCD
2022-05-06 14:46:26.364489+00:00,D,24.68,100,['@'],50,C,CCD
2022-05-06 14:46:26.364765655+00:00,V,24.68,100,['@'],13,C,CCD
2022-05-06 14:46:41.102396+00:00,J,24.77,32,"['@', 'F', 'I']",14,C,CCD
2022-05-06 14:46:41.102418+00:00,J,24.77,32,"['@', 'F', 'I']",15,C,CCD
2022-05-06 14:46:41.102436+00:00,J,24.77,16,"['@', 'F', 'I']",16,C,CCD
2022-05-06 14:46:41.102449+00:00,J,24.77,16,"['@', 'F', 'I']",17,C,CCD
2022-05-06 14:46:41.102461+00:00,J,24.77,4,"['@', 'F', 'I']",18,C,CCD
2022-05-06 14:46:41.102545+00:00,J,24.77,25,"['@', 'F', 'I']",19,C,CCD
2022-05-06 14:46:41.102636544+00:00,P,24.78,16,"['@', 'F', 'I']",17,C,CCD
2022-05-06 14:46:41.102647+00:00,J,24.77,5,"['@', 'F', 'I']",20,C,CCD
2022-05-06 14:46:41.102662912+00:00,P,24.78,17,"['@', 'F', 'I']",18,C,CCD
2022-05-06 14:46:41.102956+00:00,J,24.78,100,"['@', 'F']",21,C,CCD
2022-05-06 14:46:41.111400778+00:00,V,24.72,100,['@'],14,C,CCD
2022-05-06 14:46:56.246403+00:00,D,24.68,100,['@'],51,C,CCD
2022-05-06 14:46:56.246638967+00:00,V,24.68,100,['@'],15,C,CCD
2022-05-06 14:47:30.429114+00:00,D,24.685,100,['@'],52,C,CCD
2022-05-06 14:47:30.429174928+00:00,V,24.685,100,['@'],16,C,CCD
2022-05-06 14:49:16.746000+00:00,D,24.7262,4,"['@', 'I']",9,C,CCD
2022-05-06 14:50:03.827640+00:00,D,24.68,100,['@'],53,C,CCD
2022-05-06 14:50:03.827649410+00:00,V,24.68,100,['@'],17,C,CCD
2022-05-06 14:50:08.560000+00:00,D,24.72,200,['@'],54,C,CCD
2022-05-06 14:50:55.342039405+00:00,V,24.68,100,['@'],18,C,CCD
2022-05-06 14:52:04.514343+00:00,K,24.72,15,"['@', 'I']",21,C,CCD
2022-05-06 14:53:37.936199+00:00,D,24.695,100,['@'],55,C,CCD
2022-05-06 14:53:37.936520577+00:00,V,24.695,100,['@'],19,C,CCD
2022-05-06 14:53:39.963423+00:00,D,24.7,100,['@'],56,C,CCD
2022-05-06 14:53:39.963743739+00:00,V,24.68,100,['@'],20,C,CCD
2022-05-06 14:53:45.011713+00:00,D,24.68,100,['@'],57,C,CCD
2022-05-06 14:53:45.011818507+00:00,V,24.68,100,['@'],21,C,CCD
2022-05-06 14:54:20.662000+00:00,D,24.7799,100,['@'],10,C,CCD
2022-05-06 14:54:47.847549065+00:00,V,24.695,100,['@'],22,C,CCD
2022-05-06 14:54:50.885581+00:00,D,24.68,100,['@'],58,C,CCD
2022-05-06 14:54:52.926157+00:00,D,24.68,100,['@'],59,C,CCD
2022-05-06 14:55:01.007609+00:00,D,24.68,100,['@'],60,C,CCD
2022-05-06 14:55:25.357984768+00:00,P,24.77,42,"['@', 'I']",19,C,CCD
2022-05-06 14:56:02.619934+00:00,D,24.75,50,"['@', 'I']",61,C,CCD
2022-05-06 14:57:13.033487714+00:00,Q,24.69,2,"['@', 'I']",57,C,CCD
2022-05-06 14:57:13.035195421+00:00,D,24.62,98,"['@', 'I']",62,C,CCD
2022-05-06 14:57:13.604262634+00:00,D,24.62,5,"['@', 'I']",63,C,CCD
2022-05-06 14:57:43.441000+00:00,D,24.69,50,"['@', 'I']",11,C,CCD
2022-05-06 14:57:43.441085+00:00,D,24.69,50,"['@', 'I']",64,C,CCD
2022-05-06 14:59:39.369000+00:00,D,24.685,200,['@'],12,C,CCD
2022-05-06 15:00:30.715000+00:00,D,24.78,1,"['@', 'I']",13,C,CCD
2022-05-06 15:01:12.576388930+00:00,D,24.6017,400,['@'],65,C,CCD
2022-05-06 15:03:10.769312321+00:00,Q,24.7,67,"['@', 'F', 'I']",58,C,CCD
2022-05-06 15:04:41.021000+00:00,D,24.6365,1500,['@'],66,C,CCD
2022-05-06 15:05:00.157329+00:00,D,24.77,20,"['@', 'I']",67,C,CCD
2022-05-06 15:05:32.625845+00:00,Z,24.74,200,"['@', 'F']",7,C,CCD
2022-05-06 15:05:58.976312576+00:00,P,24.74,32,"['@', 'F', 'I']",20,C,CCD
2022-05-06 15:05:58.976324352+00:00,P,24.74,16,"['@', 'F', 'I']",21,C,CCD
2022-05-06 15:05:58.976334336+00:00,P,24.74,100,['@'],22,C,CCD
2022-05-06 15:05:58.976392192+00:00,P,24.74,52,"['@', 'I']",23,C,CCD
2022-05-06 15:06:02.117995805+00:00,D,24.685,100,['@'],14,C,CCD
2022-05-06 15:06:52.653706+00:00,D,24.68,100,['@'],68,C,CCD
2022-05-06 15:10:40.000914131+00:00,U,24.67,12,"['@', 'I']",6,C,CCD
2022-05-06 15:10:40.013000+00:00,D,24.645,1,"['@', 'I']",69,C,CCD
2022-05-06 15:10:40.016000+00:00,D,24.645,1,"['@', 'I']",70,C,CCD
2022-05-06 15:12:16.185371885+00:00,D,24.5315,201,['@'],71,C,CCD
2022-05-06 15:12:49.366000+00:00,D,24.78,1,"['@', 'I']",72,C,CCD
2022-05-06 15:17:05.230519146+00:00,D,24.7501,1,"['@', 'I']",73,C,CCD
2022-05-06 15:17:58.651599+00:00,D,24.64,11,"['@', 'I']",74,C,CCD
2022-05-06 15:17:58.651615+00:00,D,24.64,89,"['@', 'I']",75,C,CCD
2022-05-06 15:18:12.645135838+00:00,D,24.58,31,"['@', 'I']",76,C,CCD
2022-05-06 15:18:48.300814+00:00,D,24.72,20,"['@', 'I']",3,C,CCD
2022-05-06 15:19:21.892000+00:00,D,24.645,402,['@'],77,C,CCD
2022-05-06 15:19:36.992000+00:00,D,24.5101,55,"['@', 'I']",78,C,CCD
2022-05-06 15:19:49.449000+00:00,D,24.645,177,['@'],79,C,CCD
2022-05-06 15:24:32.343000+00:00,D,24.6782,200,['@'],80,C,CCD
2022-05-06 15:24:32.344000+00:00,D,24.6782,200,['@'],81,C,CCD
2022-05-06 15:24:32.344000+00:00,D,24.6782,200,['@'],82,C,CCD
2022-05-06 15:24:32.345000+00:00,D,24.6782,200,['@'],83,C,CCD
2022-05-06 15:24:32.346000+00:00,D,24.6772,200,['@'],84,C,CCD
2022-05-06 15:25:41.382483291+00:00,D,24.7483,20,"['@', 'I']",85,C,CCD
2022-05-06 15:27:16.734169994+00:00,V,24.64,6,"['@', 'I']",23,C,CCD
2022-05-06 15:27:16.734677+00:00,K,24.67,8,"['@', 'I']",22,C,CCD
2022-05-06 15:28:03.606032874+00:00,D,24.5323,200,['@'],86,C,CCD
2022-05-06 15:36:23.692000+00:00,D,24.7799,404,['@'],87,C,CCD
2022-05-06 15:36:42.863267584+00:00,P,24.65,100,['@'],24,C,CCD
2022-05-06 15:36:42.863357696+00:00,P,24.65,100,['@'],25,C,CCD
2022-05-06 15:36:42.904733008+00:00,D,24.64,100,['@'],15,C,CCD
2022-05-06 15:38:37.362390+00:00,Z,24.67,100,['@'],8,C,CCD
2022-05-06 15:38:37.362497+00:00,Z,24.67,100,['@'],9,C,CCD
2022-05-06 15:39:00.723513+00:00,Z,24.67,100,['@'],10,C,CCD
2022-05-06 15:39:00.725108+00:00,Z,24.68,100,['@'],11,C,CCD
2022-05-06 15:39:41.176377+00:00,Z,24.66,100,['@'],12,C,CCD
2022-05-06 15:39:41.176523+00:00,Z,24.66,100,['@'],13,C,CCD
2022-05-06 15:40:00.216000+00:00,D,24.645,200,['@'],16,C,CCD
2022-05-06 15:40:49.534468959+00:00,V,24.6,100,['@'],24,C,CCD
2022-05-06 15:40:49.534960583+00:00,V,24.62,12,"['@', 'I']",25,C,CCD
2022-05-06 15:40:51.579762+00:00,Z,24.68,101,"['@', 'F']",14,C,CCD
2022-05-06 15:40:51.579920+00:00,Z,24.68,99,"['@', 'I']",15,C,CCD
2022-05-06 15:42:39.347321536+00:00,V,24.66,100,['@'],26,C,CCD
2022-05-06 15:45:03.122454389+00:00,Q,24.7,200,"['@', 'F']",59,C,CCD
2022-05-06 15:45:11.225476783+00:00,U,24.68,100,['@'],7,C,CCD
2022-05-06 15:45:15.284772941+00:00,U,24.68,100,['@'],8,C,CCD
2022-05-06 15:45:34.510238+00:00,Z,24.68,200,"['@', 'F']",16,C,CCD
2022-05-06 15:45:36.539523+00:00,Z,24.68,200,"['@', 'F']",17,C,CCD
2022-05-06 15:45:37.553657281+00:00,Q,24.67,128,"['@', 'F']",60,C,CCD
2022-05-06 15:45:37.553660595+00:00,Q,24.67,48,"['@', 'F', 'I']",61,C,CCD
2022-05-06 15:45:38.570117+00:00,Z,24.68,200,"['@', 'F']",18,C,CCD
2022-05-06 15:45:42.607473144+00:00,Q,24.68,200,"['@', 'F']",62,C,CCD
2022-05-06 15:45:43.617277575+00:00,V,24.65,100,['@'],27,C,CCD
2022-05-06 15:45:44.632312462+00:00,V,24.64,25,"['@', 'I']",28,C,CCD
2022-05-06 15:45:44.632846585+00:00,V,24.64,25,"['@', 'I']",29,C,CCD
2022-05-06 15:45:45.636252433+00:00,V,24.63,50,"['@', 'I']",30,C,CCD
2022-05-06 15:45:45.637193666+00:00,V,24.63,100,['@'],31,C,CCD
2022-05-06 15:45:46.649438283+00:00,V,24.65,100,['@'],32,C,CCD
2022-05-06 15:45:49.688691728+00:00,Q,24.67,200,"['@', 'F']",63,C,CCD
2022-05-06 15:45:49.696551238+00:00,D,24.645,100,['@'],17,C,CCD
2022-05-06 15:45:55.756455+00:00,Z,24.67,200,"['@', 'F']",19,C,CCD
2022-05-06 15:46:12.527835+00:00,Z,24.67,200,"['@', 'F']",20,C,CCD
2022-05-06 15:46:12.528380955+00:00,Q,24.67,1,"['@', 'I']",64,C,CCD
2022-05-06 15:46:37.527705600+00:00,P,24.67,200,"['@', 'F']",26,C,CCD
2022-05-06 15:47:04.949369298+00:00,Q,24.66,100,['@'],65,C,CCD
2022-05-06 15:47:04.949435685+00:00,Q,24.66,100,['@'],66,C,CCD
2022-05-06 15:47:04.949565+00:00,K,24.66,100,['@'],23,C,CCD
2022-05-06 15:47:04.949566+00:00,Z,24.66,100,['@'],21,C,CCD
2022-05-06 15:47:04.949721671+00:00,Q,24.66,100,['@'],67,C,CCD
2022-05-06 15:47:05.010625+00:00,Z,24.66,100,"['@', 'F']",22,C,CCD
2022-05-06 15:47:45.422249+00:00,D,24.64,11,"['@', 'I']",88,C,CCD
2022-05-06 15:47:45.422271+00:00,D,24.64,89,"['@', 'I']",89,C,CCD
2022-05-06 15:48:01.586917+00:00,D,24.64,11,"['@', 'I']",90,C,CCD
2022-05-06 15:48:01.586921+00:00,D,24.64,89,"['@', 'I']",91,C,CCD
2022-05-06 15:48:45.173000+00:00,D,24.675,100,['@'],18,C,CCD
2022-05-06 15:49:23.425000+00:00,D,24.6899,300,['@'],19,C,CCD
2022-05-06 15:50:28.421000+00:00,D,24.675,100,['@'],92,C,CCD
2022-05-06 15:50:28.427000+00:00,D,24.675,100,['@'],93,C,CCD
2022-05-06 15:50:28.428000+00:00,D,24.675,18,"['@', 'I']",94,C,CCD
2022-05-06 15:50:28.430000+00:00,D,24.69,82,"['@', 'I']",96,C,CCD
2022-05-06 15:50:28.431137019+00:00,D,24.6899,82,"['@', 'I']",95,C,CCD
2022-05-06 15:50:29.224572679+00:00,D,24.66,37,"['@', 'I']",97,C,CCD
2022-05-06 15:50:29.321063553+00:00,D,24.6891,16,"['@', 'I']",98,C,CCD
2022-05-06 15:50:29.337000+00:00,D,24.6771,4,"['@', 'I']",99,C,CCD
2022-05-06 15:50:29.442585513+00:00,D,24.66,27,"['@', 'I']",100,C,CCD
2022-05-06 15:50:29.448000+00:00,D,24.675,28,"['@', 'I']",20,C,CCD
2022-05-06 15:51:43.487000+00:00,D,24.6899,300,['@'],21,C,CCD
2022-05-06 15:52:06.047566+00:00,D,24.67,100,['@'],101,C,CCD
2022-05-06 15:52:06.055625965+00:00,V,24.67,7,"['@', 'I']",33,C,CCD
2022-05-06 15:52:06.057063224+00:00,V,24.67,100,['@'],34,C,CCD
2022-05-06 15:52:06.088352+00:00,D,24.64,35,"['@', 'I']",102,C,CCD
2022-05-06 15:52:20.968191403+00:00,D,24.656,57,"['@', 'I']",103,C,CCD
2022-05-06 15:52:21.052756+00:00,D,24.656,1,"['@', '4', 'I']",104,C,CCD
2022-05-06 15:53:03.046145+00:00,Z,24.67,200,"['@', 'F']",23,C,CCD
2022-05-06 15:53:05.061849+00:00,Z,24.67,100,['@'],24,C,CCD
2022-05-06 15:53:05.061937+00:00,Z,24.67,100,['@'],25,C,CCD
2022-05-06 15:53:47.406713+00:00,D,24.68,50,"['@', 'I']",105,C,CCD
2022-05-06 15:53:47.409000+00:00,D,24.68,50,"['@', 'I']",106,C,CCD
2022-05-06 15:53:50.589287680+00:00,P,24.68,200,"['@', 'F']",27,C,CCD
2022-05-06 15:53:55.624300+00:00,D,24.64,79,"['@', 'I']",107,C,CCD
2022-05-06 15:54:01.940990013+00:00,D,24.65,53,"['@', 'I']",108,C,CCD
2022-05-06 15:54:06.710011648+00:00,P,24.68,16,"['@', 'F', 'I']",28,C,CCD
2022-05-06 15:54:06.710018048+00:00,P,24.68,16,"['@', 'F', 'I']",29,C,CCD
2022-05-06 15:54:06.710251520+00:00,P,24.68,168,"['@', 'F']",30,C,CCD
2022-05-06 15:54:07.820000+00:00,D,24.665,3,"['@', 'I']",22,C,CCD
2022-05-06 15:54:23.409000+00:00,D,24.6634,100,['@'],109,C,CCD
2022-05-06 15:54:30.926892+00:00,D,24.65,86,"['@', 'I']",110,C,CCD
2022-05-06 15:54:53.187034+00:00,Z,24.67,53,"['@', 'F', 'I']",26,C,CCD
2022-05-06 15:56:58.555000+00:00,D,24.69,200,['@'],112,C,CCD
2022-05-06 15:56:58.555890864+00:00,D,24.6899,200,['@'],111,C,CCD
2022-05-06 15:57:51.126000+00:00,D,24.6899,100,['@'],113,C,CCD
2022-05-06 15:57:51.866486513+00:00,D,24.6821,200,['@'],23,C,CCD
2022-05-06 15:59:31.813000+00:00,D,24.6899,100,['@'],24,C,CCD
2022-05-06 16:06:38.198052381+00:00,Q,24.69,100,['@'],68,C,CCD
2022-05-06 16:06:38.198084553+00:00,X,24.69,80,"['@', 'F', 'I']",2,C,CCD
2022-05-06 16:06:38.198117933+00:00,X,24.69,16,"['@', 'F', 'I']",3,C,CCD
2022-05-06 16:06:38.198124683+00:00,X,24.69,32,"['@', 'F', 'I']",4,C,CCD
2022-05-06 16:06:38.198179944+00:00,X,24.69,12,"['@', 'F', 'I']",5,C,CCD
2022-05-06 16:06:38.198222+00:00,Z,24.69,200,"['@', 'F']",27,C,CCD
2022-05-06 16:06:38.198340352+00:00,M,24.69,129,"['@', 'F']",1,C,CCD
2022-05-06 16:06:38.198375+00:00,Z,24.69,184,"['@', 'F']",28,C,CCD
2022-05-06 16:06:38.201937+00:00,K,24.69,200,"['@', 'F']",24,C,CCD
2022-05-06 16:06:38.202049+00:00,K,24.69,154,"['@', 'F']",25,C,CCD
2022-05-06 16:06:38.204300544+00:00,A,24.69,136,"['@', 'F']",1,C,CCD
2022-05-06 16:07:06.748896991+00:00,D,24.6298,75,"['@', 'I']",114,C,CCD
2022-05-06 16:07:55.351361+00:00,J,24.72,5,"['@', 'I']",22,C,CCD
2022-05-06 16:07:55.351361+00:00,J,24.72,95,"['@', 'I']",23,C,CCD
2022-05-06 16:07:55.351479+00:00,Y,24.72,5,"['@', 'I']",2,C,CCD
2022-05-06 16:07:55.351479+00:00,Y,24.72,95,"['@', 'I']",3,C,CCD
2022-05-06 16:07:55.353000+00:00,D,24.6904,5,"['@', 'I']",25,C,CCD
2022-05-06 16:07:55.353000+00:00,D,24.6904,15,"['@', 'I']",26,C,CCD
2022-05-06 16:19:43.899000+00:00,D,24.68,200,['@'],27,C,CCD
2022-05-06 16:20:26.321565231+00:00,D,24.7146,8,"['@', 'I']",115,C,CCD
2022-05-06 16:33:00.120000+00:00,D,24.6783,200,['@'],116,C,CCD
2022-05-06 16:33:00.122277+00:00,K,24.695,100,['@'],26,C,CCD
2022-05-06 16:33:00.122467+00:00,K,24.695,100,['@'],27,C,CCD
2022-05-06 16:36:11.017961216+00:00,P,24.69,64,"['@', 'F', 'I']",31,C,CCD
2022-05-06 16:36:11.018039040+00:00,P,24.69,75,"['@', 'I']",32,C,CCD
2022-05-06 16:36:11.066388+00:00,K,24.695,100,['@'],28,C,CCD
2022-05-06 16:36:11.067077+00:00,K,24.695,100,['@'],29,C,CCD
2022-05-06 16:36:11.067130562+00:00,Q,24.695,100,['@'],69,C,CCD
2022-05-06 16:36:55.108762867+00:00,Q,24.66,5,"['@', 'I']",70,C,CCD
2022-05-06 16:37:03.929679845+00:00,Q,24.66,43,"['@', 'I']",71,C,CCD
2022-05-06 16:37:03.929679845+00:00,Q,24.66,57,"['@', 'I']",72,C,CCD
2022-05-06 16:37:03.929765557+00:00,Q,24.66,43,"['@', 'F', 'I']",73,C,CCD
2022-05-06 16:37:03.930008185+00:00,Q,24.64,25,"['@', 'I']",74,C,CCD
2022-05-06 16:37:09.440613002+00:00,Q,24.63,200,['@'],75,C,CCD
2022-05-06 16:37:09.440993+00:00,K,24.62,12,"['@', 'I']",31,C,CCD
2022-05-06 16:37:09.441278+00:00,K,24.625,100,['@'],32,C,CCD
2022-05-06 16:37:09.442377557+00:00,Q,24.63,64,"['@', 'F', 'I']",76,C,CCD
2022-05-06 16:37:09.442383658+00:00,Q,24.63,32,"['@', 'F', 'I']",77,C,CCD
2022-05-06 16:37:09.442402216+00:00,Q,24.63,32,"['@', 'F', 'I']",78,C,CCD
2022-05-06 16:37:09.442410324+00:00,Q,24.63,61,"['@', 'I']",79,C,CCD
2022-05-06 16:37:09.442436488+00:00,Q,24.63,11,"['@', 'I']",80,C,CCD
2022-05-06 16:40:11.072762+00:00,J,24.63,100,['@'],24,C,CCD
2022-05-06 16:40:11.072846+00:00,D,24.63,100,['@'],117,C,CCD
2022-05-06 16:40:11.072947458+00:00,Q,24.63,100,"['@', 'F']",81,C,CCD
2022-05-06 16:40:11.072947458+00:00,Q,24.63,100,"['@', 'F']",82,C,CCD
2022-05-06 16:40:11.074083+00:00,J,24.61,100,['@'],25,C,CCD
2022-05-06 16:40:11.074091+00:00,Z,24.62,100,['@'],29,C,CCD
2022-05-06 16:40:11.074091+00:00,Z,24.61,100,['@'],30,C,CCD
2022-05-06 16:40:11.074269+00:00,Z,24.61,100,['@'],31,C,CCD
2022-05-06 16:40:11.074434+00:00,K,24.6,5,"['@', 'I']",33,C,CCD
2022-05-06 16:40:11.074434+00:00,K,24.6,67,"['@', 'I']",34,C,CCD
2022-05-06 16:40:11.074434+00:00,K,24.59,128,['@'],35,C,CCD
2022-05-06 16:40:11.074617591+00:00,Q,24.59,300,"['@', 'F']",83,C,CCD
2022-05-06 16:40:11.074892762+00:00,D,24.63,1700,['@'],118,C,CCD
2022-05-06 16:40:11.610394105+00:00,V,24.58,54,"['@', 'I']",35,C,CCD
2022-05-06 16:41:56.325134+00:00,D,24.6166,400,['@'],28,C,CCD
2022-05-06 16:42:02.624791523+00:00,Q,24.6,89,"['@', 'F', 'I']",84,C,CCD
2022-05-06 16:42:02.624792+00:00,K,24.6,100,"['@', 'F']",36,C,CCD
2022-05-06 16:43:27.720716574+00:00,V,24.58,127,['@'],36,C,CCD
2022-05-06 16:43:27.822753406+00:00,V,24.58,73,"['@', 'I']",37,C,CCD
2022-05-06 16:43:27.823274155+00:00,V,24.58,25,"['@', 'I']",38,C,CCD
2022-05-06 16:43:27.823783440+00:00,V,24.58,25,"['@', 'I']",39,C,CCD
2022-05-06 16:43:27.824260352+00:00,V,24.58,4,"['@', 'I']",40,C,CCD
2022-05-06 16:45:06.184022998+00:00,X,24.65,127,"['@', 'F']",6,C,CCD
2022-05-06 16:45:06.184053518+00:00,H,24.65,200,"['@', 'F']",7,C,CCD
2022-05-06 16:45:06.184053518+00:00,H,24.65,226,"['@', 'F']",8,C,CCD
2022-05-06 16:45:06.184093503+00:00,U,24.65,143,"['@', 'F']",9,C,CCD
2022-05-06 16:45:06.455263+00:00,K,24.65,127,"['@', 'F']",37,C,CCD
2022-05-06 16:45:15.495456434+00:00,Q,24.69,100,"['@', 'F']",85,C,CCD
2022-05-06 16:45:32.781660989+00:00,Q,24.7,100,['@'],86,C,CCD
2022-05-06 16:45:32.783746040+00:00,Q,24.7,100,['@'],87,C,CCD
2022-05-06 16:45:35.102882135+00:00,V,24.705,100,['@'],41,C,CCD
2022-05-06 16:45:35.105292210+00:00,V,24.705,100,['@'],42,C,CCD
2022-05-06 16:45:37.209862189+00:00,V,24.705,100,['@'],43,C,CCD
2022-05-06 16:45:37.211951017+00:00,V,24.705,100,['@'],44,C,CCD
2022-05-06 16:45:39.542917913+00:00,V,24.705,100,['@'],45,C,CCD
2022-05-06 16:45:39.547049819+00:00,V,24.705,100,['@'],46,C,CCD
2022-05-06 16:46:25.107816485+00:00,Q,24.7,50,"['@', 'F', 'I']",88,C,CCD
2022-05-06 16:46:25.108790+00:00,K,24.73,150,"['@', 'F']",38,C,CCD
2022-05-06 16:46:25.108923+00:00,K,24.73,150,"['@', 'F']",39,C,CCD
2022-05-06 16:47:09.135297210+00:00,H,24.73,100,"['@', 'F']",9,C,CCD
2022-05-06 16:47:27.163224+00:00,D,24.7067,8,"['@', 'I']",119,C,CCD
2022-05-06 16:47:54.141864135+00:00,V,24.82,100,['@'],47,C,CCD
2022-05-06 16:47:54.142378795+00:00,H,24.73,67,"['@', 'F', 'I']",10,C,CCD
2022-05-06 16:48:39.678484197+00:00,V,24.82,100,['@'],48,C,CCD
2022-05-06 16:49:25.411344467+00:00,V,24.87,100,['@'],49,C,CCD
2022-05-06 16:49:25.411344467+00:00,V,24.9,100,['@'],50,C,CCD
2022-05-06 16:49:58.508673170+00:00,Q,24.835,200,['@'],89,C,CCD
2022-05-06 16:49:58.510510575+00:00,Q,24.895,100,['@'],90,C,CCD
2022-05-06 16:50:08.676805155+00:00,V,24.96,100,['@'],51,C,CCD
2022-05-06 16:50:16.768953358+00:00,Q,24.95,100,['@'],91,C,CCD
2022-05-06 16:50:18.201929451+00:00,Q,24.95,100,['@'],92,C,CCD
2022-05-06 16:50:21.840463426+00:00,V,24.98,100,['@'],52,C,CCD
2022-05-06 16:50:21.849585793+00:00,Q,24.95,200,"['@', 'F']",93,C,CCD
2022-05-06 16:50:26.903785697+00:00,V,24.99,100,['@'],53,C,CCD
2022-05-06 16:50:29.954180697+00:00,V,24.99,100,['@'],54,C,CCD
2022-05-06 16:51:04.405218+00:00,Z,24.93,200,"['@', 'F']",32,C,CCD
2022-05-06 16:51:14.542928853+00:00,H,25.05,100,"['@', 'F']",11,C,CCD
2022-05-06 16:51:55.943900154+00:00,D,24.89,628,['@'],120,C,CCD
2022-05-06 16:52:18.464952+00:00,Z,24.93,200,"['@', 'F']",33,C,CCD
2022-05-06 16:52:19.292000+00:00,D,24.8769,200,['@'],121,C,CCD
2022-05-06 16:56:19.362295341+00:00,Q,24.9,100,['@'],94,C,CCD
2022-05-06 16:56:19.362376085+00:00,Q,24.9,100,['@'],95,C,CCD
2022-05-06 16:56:19.364526519+00:00,Q,24.89,100,['@'],96,C,CCD
2022-05-06 16:57:43.235000+00:00,D,24.84,100,['@'],122,C,CCD
2022-05-06 16:57:43.236533840+00:00,Q,24.89,28,"['@', 'I']",97,C,CCD
2022-05-06 16:57:43.236533840+00:00,Q,24.9,72,"['@', 'I']",98,C,CCD
2022-05-06 16:57:43.236630808+00:00,Q,24.9,28,"['@', 'I']",99,C,CCD
2022-05-06 16:57:43.236941+00:00,D,24.845,100,['@'],123,C,CCD
2022-05-06 16:57:43.238635085+00:00,V,24.88,100,['@'],55,C,CCD
2022-05-06 17:05:38.886295+00:00,D,24.86,60,"['@', 'I']",4,C,CCD
2022-05-06 17:05:47.493025908+00:00,D,24.8652,48,"['@', 'I']",124,C,CCD
2022-05-06 17:07:34.925768+00:00,D,24.815,321,['@'],126,C,CCD
2022-05-06 17:07:34.926220+00:00,D,24.815,200,['@'],127,C,CCD
2022-05-06 17:07:34.926602356+00:00,D,24.8359,479,['@'],125,C,CCD
2022-05-06 17:11:11.618472729+00:00,D,24.85,25,"['@', 'I']",29,C,CCD
2022-05-06 17:37:06.389000+00:00,D,24.79,80,"['@', 'I']",128,C,CCD
2022-05-06 17:37:42.354602263+00:00,Q,24.72,100,['@'],100,C,CCD
2022-05-06 17:39:28.792665+00:00,Z,24.65,150,"['@', 'F']",34,C,CCD
2022-05-06 17:39:28.793257+00:00,Z,24.65,50,"['@', 'I']",35,C,CCD
2022-05-06 17:41:42.571000+00:00,D,24.7199,1800,['@'],129,C,CCD
2022-05-06 17:41:42.677004+00:00,J,24.6,100,"['@', 'F']",26,C,CCD
2022-05-06 17:41:42.677004+00:00,J,24.59,100,"['@', 'F']",27,C,CCD
2022-05-06 17:42:31.702754304+00:00,P,24.64,200,"['@', 'F']",33,C,CCD
2022-05-06 17:43:01.295771+00:00,Z,24.64,200,"['@', 'F']",36,C,CCD
2022-05-06 17:43:05.427989283+00:00,D,24.585,100,['@'],30,C,CCD
2022-05-06 17:43:05.525063343+00:00,V,24.585,186,['@'],56,C,CCD
2022-05-06 17:43:08.770354+00:00,K,24.59,72,"['@', 'F', 'I']",40,C,CCD
2022-05-06 17:43:08.771389952+00:00,P,24.58,28,"['@', 'F', 'I']",34,C,CCD
2022-05-06 17:43:13.474938181+00:00,V,24.6,100,['@'],57,C,CCD
2022-05-06 17:43:17.533034552+00:00,V,24.6,100,['@'],58,C,CCD
2022-05-06 17:43:17.534663343+00:00,V,24.6,100,['@'],59,C,CCD
2022-05-06 17:43:33.775671719+00:00,V,24.6,100,['@'],60,C,CCD
2022-05-06 17:44:33.750423808+00:00,P,24.58,22,"['@', 'I']",35,C,CCD
2022-05-06 17:45:13.334125279+00:00,Q,24.63,32,"['@', 'F', 'I']",101,C,CCD
2022-05-06 17:45:13.334129583+00:00,Q,24.63,64,"['@', 'F', 'I']",102,C,CCD
2022-05-06 17:45:13.334135187+00:00,Q,24.63,16,"['@', 'F', 'I']",103,C,CCD
2022-05-06 17:45:13.334146532+00:00,Q,24.63,20,"['@', 'F', 'I']",104,C,CCD
2022-05-06 17:45:22.718161154+00:00,D,24.56,5,"['@', 'I']",130,C,CCD
2022-05-06 17:45:53.889180672+00:00,P,24.62,200,"['@', 'F']",36,C,CCD
2022-05-06 17:46:54.810186+00:00,D,24.6225,50,"['@', 'I']",135,C,CCD
2022-05-06 17:46:54.810952+00:00,D,24.6225,50,"['@', 'I']",136,C,CCD
2022-05-06 17:46:54.811451+00:00,D,24.55,200,['@'],137,C,CCD
2022-05-06 17:46:54.812000+00:00,D,24.585,200,['@'],132,C,CCD
2022-05-06 17:46:54.812366+00:00,D,24.55,300,['@'],138,C,CCD
2022-05-06 17:46:54.812833+00:00,D,24.625,1200,['@'],139,C,CCD
2022-05-06 17:46:54.812921+00:00,D,24.66,50,"['@', 'I']",134,C,CCD
2022-05-06 17:46:54.813000+00:00,D,24.585,300,['@'],133,C,CCD
2022-05-06 17:46:54.813299+00:00,D,24.66,50,"['@', 'I']",131,C,CCD
2022-05-06 17:46:55.746894668+00:00,U,24.55,200,"['@', 'F']",10,C,CCD
2022-05-06 17:46:55.746922404+00:00,U,24.55,13,"['@', 'F', 'I']",11,C,CCD
2022-05-06 17:46:55.748470528+00:00,N,24.55,148,"['@', 'F']",1,C,CCD
2022-05-06 17:47:47.166000+00:00,D,24.66,136,['@'],140,C,CCD
2022-05-06 17:47:52.774405784+00:00,Q,24.62,200,"['@', 'F']",105,C,CCD
2022-05-06 17:48:01.916648298+00:00,Q,24.6,200,"['@', 'F']",106,C,CCD
2022-05-06 17:48:04.941728+00:00,Z,24.55,155,"['@', 'F']",37,C,CCD
2022-05-06 17:48:06.963889088+00:00,Q,24.6,13,"['@', 'I']",107,C,CCD
2022-05-06 17:48:06.965472+00:00,Z,24.59,200,"['@', 'F']",38,C,CCD
2022-05-06 17:48:08.995597635+00:00,Q,24.6,5,"['@', 'I']",108,C,CCD
2022-05-06 17:48:08.998917013+00:00,Q,24.59,200,"['@', 'F']",109,C,CCD
2022-05-06 17:48:08.998999203+00:00,Q,24.59,76,"['@', 'I']",110,C,CCD
2022-05-06 17:48:09.409003571+00:00,V,24.555,200,['@'],61,C,CCD
2022-05-06 17:48:16.091046+00:00,Z,24.58,200,"['@', 'F']",39,C,CCD
2022-05-06 17:48:18.124940874+00:00,Q,24.58,200,"['@', 'F']",111,C,CCD
2022-05-06 17:48:19.135039551+00:00,Q,24.58,24,"['@', 'I']",112,C,CCD
2022-05-06 17:48:19.135039551+00:00,Q,24.58,1,"['@', 'I']",113,C,CCD
2022-05-06 17:48:19.137593886+00:00,Q,24.58,81,"['@', 'F', 'I']",114,C,CCD
2022-05-06 17:48:30.255704145+00:00,D,24.58,80,"['@', 'I']",31,C,CCD
2022-05-06 17:48:30.255704145+00:00,D,24.58,120,['@'],32,C,CCD
2022-05-06 17:48:30.293146656+00:00,D,24.58,100,['@'],33,C,CCD
2022-05-06 17:49:58.741413202+00:00,D,24.6481,26,"['@', 'I']",141,C,CCD
2022-05-06 17:49:58.741483704+00:00,D,24.6481,14,"['@', 'I']",142,C,CCD
2022-05-06 17:50:51.746908904+00:00,Q,24.61,100,['@'],115,C,CCD
2022-05-06 17:50:51.747026835+00:00,Q,24.61,19,"['@', 'I']",116,C,CCD
2022-05-06 17:53:19.743923087+00:00,Q,24.6,100,['@'],117,C,CCD
2022-05-06 17:53:19.744002091+00:00,Q,24.6,100,['@'],118,C,CCD
2022-05-06 17:53:35.916460+00:00,Z,24.59,200,"['@', 'F']",40,C,CCD
2022-05-06 17:54:14.626000+00:00,D,24.6337,10,"['@', 'I']",34,C,CCD
2022-05-06 17:54:49.294000+00:00,D,24.6317,150,['@'],143,C,CCD
2022-05-06 17:56:24.340000+00:00,D,24.6324,20,"['@', 'I']",35,C,CCD
2022-05-06 17:59:57.731301888+00:00,P,24.59,10,"['@', 'I']",37,C,CCD
2022-05-06 17:59:57.736000+00:00,D,24.59,1,"['@', 'I']",144,C,CCD
2022-05-06 18:04:40.935178235+00:00,Q,24.64,1,"['@', 'F', 'I']",119,C,CCD
2022-05-06 18:04:40.936000+00:00,D,24.65,9,"['@', 'I']",145,C,CCD
2022-05-06 18:10:01.161461793+00:00,Q,24.58,100,['@'],120,C,CCD
2022-05-06 18:10:01.161579470+00:00,Q,24.58,100,['@'],121,C,CCD
2022-05-06 18:10:01.166196+00:00,K,24.58,5,"['@', 'I']",41,C,CCD
2022-05-06 18:11:07.901000+00:00,D,24.6388,1000,['@'],146,C,CCD
2022-05-06 18:11:07.904244736+00:00,A,24.55,169,"['@', 'F']",2,C,CCD
2022-05-06 18:11:07.906006+00:00,D,24.535,100,['@'],147,C,CCD
2022-05-06 18:11:07.906930819+00:00,X,24.53,196,"['@', 'F']",7,C,CCD
2022-05-06 18:11:07.906938+00:00,K,24.56,1,"['@', 'F', 'I']",42,C,CCD
2022-05-06 18:11:07.906938+00:00,K,24.55,3,"['@', 'F', 'I']",43,C,CCD
2022-05-06 18:11:10.930647+00:00,D,24.52,100,['@'],148,C,CCD
2022-05-06 18:15:35.216990132+00:00,D,24.524,550,['@'],149,C,CCD
2022-05-06 18:15:38.285480+00:00,D,24.525,100,['@'],150,C,CCD
2022-05-06 18:17:58.807316480+00:00,A,24.55,13,"['@', 'F', 'I']",3,C,CCD
2022-05-06 18:17:58.807964672+00:00,A,24.55,112,"['@', 'F']",4,C,CCD
2022-05-06 18:17:58.807977984+00:00,A,24.55,23,"['@', 'F', 'I']",5,C,CCD
2022-05-06 18:21:05.347819776+00:00,P,24.57,1,"['@', 'I']",38,C,CCD
2022-05-06 18:28:19.410000+00:00,D,24.5613,67,"['@', 'I']",151,C,CCD
2022-05-06 18:29:03.809766315+00:00,U,24.55,16,"['@', 'F', 'I']",12,C,CCD
2022-05-06 18:31:51.932894834+00:00,Q,24.53,1,"['@', 'F', 'I']",122,C,CCD
2022-05-06 18:31:51.933012+00:00,Z,24.53,46,"['@', 'F', 'I']",41,C,CCD
2022-05-06 18:31:51.933017+00:00,K,24.53,1,"['@', 'F', 'I']",44,C,CCD
2022-05-06 18:31:51.933076+00:00,Z,24.53,32,"['@', 'F', 'I']",42,C,CCD
2022-05-06 18:31:51.933097+00:00,Z,24.53,16,"['@', 'F', 'I']",43,C,CCD
2022-05-06 18:31:51.933107+00:00,Z,24.53,106,"['@', 'F']",44,C,CCD
2022-05-06 18:31:51.933304210+00:00,Q,24.52,1,"['@', 'F', 'I']",123,C,CCD
2022-05-06 18:31:51.934000+00:00,D,24.53,9,"['@', 'I']",152,C,CCD
2022-05-06 18:31:52.983983323+00:00,D,24.5206,550,['@'],153,C,CCD
2022-05-06 18:31:55.912067404+00:00,U,24.52,100,"['@', 'F']",13,C,CCD
2022-05-06 18:31:56.087000+00:00,K,24.51,100,"['@', 'F']",45,C,CCD
2022-05-06 18:32:54.748000+00:00,D,24.5104,19,"['@', 'I']",154,C,CCD
2022-05-06 18:34:24.381829888+00:00,P,24.51,100,['@'],39,C,CCD
2022-05-06 18:34:24.390000+00:00,D,24.5,350,['@'],157,C,CCD
2022-05-06 18:34:24.390796464+00:00,D,24.5,809,['@'],155,C,CCD
2022-05-06 18:34:24.390850871+00:00,D,24.5,137,['@'],156,C,CCD
2022-05-06 18:34:24.394000+00:00,D,24.5,1,"['@', 'I']",158,C,CCD
2022-05-06 18:36:37.185060+00:00,D,24.5,50,"['@', 'I']",159,C,CCD
2022-05-06 18:43:34.820000+00:00,D,24.525,325,['@'],160,C,CCD
2022-05-06 18:43:37.165822+00:00,J,24.5,100,"['@', 'F']",28,C,CCD
2022-05-06 18:44:34.334095316+00:00,U,24.52,100,['@'],14,C,CCD
2022-05-06 18:44:38.377206213+00:00,Q,24.52,100,"['@', 'F']",124,C,CCD
2022-05-06 18:47:42.049070058+00:00,D,24.53,33,"['@', 'I']",161,C,CCD
2022-05-06 18:47:42.049334+00:00,J,24.55,67,"['@', 'F', 'I']",29,C,CCD
2022-05-06 18:47:59.252258+00:00,Z,24.53,200,"['@', 'F']",45,C,CCD
2022-05-06 18:48:00.998512+00:00,Z,24.52,100,"['@', 'F']",46,C,CCD
2022-05-06 18:49:02.862000+00:00,D,24.5268,1287,['@'],162,C,CCD
2022-05-06 18:49:03.635804+00:00,Z,24.53,100,['@'],47,C,CCD
2022-05-06 18:49:09.683091326+00:00,U,24.55,100,['@'],15,C,CCD
2022-05-06 18:49:09.683310406+00:00,U,24.55,35,"['@', 'I']",16,C,CCD
2022-05-06 18:49:09.683310406+00:00,U,24.55,65,"['@', 'I']",17,C,CCD
2022-05-06 18:49:19.738738432+00:00,N,24.54,100,['@'],2,C,CCD
2022-05-06 18:49:33.803768174+00:00,U,24.55,63,"['@', 'I']",18,C,CCD
2022-05-06 18:52:54.211000+00:00,D,24.55,4,"['@', 'I']",163,C,CCD
2022-05-06 18:53:33.188270174+00:00,Q,24.55,100,['@'],125,C,CCD
2022-05-06 18:55:46.972140082+00:00,Q,24.54,200,"['@', 'F']",126,C,CCD
2022-05-06 18:55:46.973862870+00:00,V,24.55,100,['@'],62,C,CCD
2022-05-06 18:55:52.029468+00:00,Z,24.54,100,['@'],48,C,CCD
2022-05-06 18:56:17.649640313+00:00,D,24.53,33,"['@', 'I']",164,C,CCD
2022-05-06 18:56:18.310569528+00:00,D,24.525,7,"['@', 'I']",165,C,CCD
2022-05-06 18:57:07.805793937+00:00,U,24.54,100,"['@', 'F']",19,C,CCD
2022-05-06 19:00:15.654277767+00:00,U,24.52,67,"['@', 'F', 'I']",20,C,CCD
2022-05-06 19:02:15.671909969+00:00,U,24.53,128,"['@', 'F']",21,C,CCD
2022-05-06 19:05:16.223000+00:00,D,24.5312,9,"['@', 'I']",166,C,CCD
2022-05-06 19:06:44.065581+00:00,Z,24.53,40,"['@', 'F', 'I']",49,C,CCD
2022-05-06 19:07:30.569214422+00:00,D,24.51,467,['@'],167,C,CCD
2022-05-06 19:07:30.569271924+00:00,D,24.51,33,"['@', 'I']",168,C,CCD
2022-05-06 19:08:05.744797184+00:00,P,24.51,100,"['@', 'F']",40,C,CCD
2022-05-06 19:08:54.180502651+00:00,D,24.5153,69,"['@', 'I']",169,C,CCD
2022-05-06 19:12:36.761000+00:00,D,24.5324,200,['@'],170,C,CCD
2022-05-06 19:13:09.227000+00:00,D,24.525,200,['@'],171,C,CCD
2022-05-06 19:13:27.431863340+00:00,D,24.525,100,['@'],36,C,CCD
2022-05-06 19:13:35.422504898+00:00,U,24.5,100,"['@', 'F']",22,C,CCD
2022-05-06 19:13:35.422559+00:00,J,24.51,100,"['@', 'F']",30,C,CCD
2022-05-06 19:13:35.422636386+00:00,D,24.51,5,"['@', 'I']",172,C,CCD
2022-05-06 19:18:14.403000+00:00,D,24.525,6,"['@', 'I']",173,C,CCD
2022-05-06 19:18:24.967502778+00:00,D,24.53,20,"['@', 'I']",174,C,CCD
2022-05-06 19:19:46.254000+00:00,D,24.538,200,['@'],37,C,CCD
2022-05-06 19:21:27.145180621+00:00,D,24.5367,100,['@'],175,C,CCD
2022-05-06 19:23:08.893000+00:00,D,24.5101,600,['@'],38,C,CCD
2022-05-06 19:24:01.865000+00:00,D,24.5002,161,['@'],176,C,CCD
2022-05-06 19:24:01.865195+00:00,K,24.5,50,"['@', 'I']",46,C,CCD
2022-05-06 19:24:01.865195+00:00,K,24.5,10,"['@', 'I']",47,C,CCD
2022-05-06 19:24:01.865195+00:00,K,24.5,7,"['@', 'I']",48,C,CCD
2022-05-06 19:24:01.865195+00:00,K,24.5,100,['@'],49,C,CCD
2022-05-06 19:24:01.865195+00:00,K,24.5,60,"['@', 'I']",50,C,CCD
2022-05-06 19:24:01.865196280+00:00,U,24.5,100,['@'],23,C,CCD
2022-05-06 19:24:01.865358848+00:00,P,24.51,10,"['@', 'I']",41,C,CCD
2022-05-06 19:24:01.865390509+00:00,Q,24.5,100,"['@', 'F']",127,C,CCD
2022-05-06 19:24:01.866266880+00:00,P,24.5,1,"['@', 'F', 'I']",42,C,CCD
2022-05-06 19:24:01.866266880+00:00,P,24.5,1,"['@', 'F', 'I']",43,C,CCD
2022-05-06 19:24:01.868334848+00:00,P,24.5,99,"['@', 'F', 'I']",44,C,CCD
2022-05-06 19:24:01.868334848+00:00,P,24.5,10,"['@', 'F', 'I']",45,C,CCD
2022-05-06 19:24:01.868777234+00:00,Q,24.5,1,"['@', 'F', 'I']",128,C,CCD
2022-05-06 19:24:01.868777234+00:00,Q,24.5,1,"['@', 'F', 'I']",129,C,CCD
2022-05-06 19:24:01.870000+00:00,D,24.5,14,"['@', 'I']",179,C,CCD
2022-05-06 19:24:01.870000+00:00,D,24.5,1,"['@', 'I']",180,C,CCD
2022-05-06 19:24:01.870663+00:00,K,24.49,5,"['@', 'I']",51,C,CCD
2022-05-06 19:24:01.870821120+00:00,P,24.49,200,['@'],46,C,CCD
2022-05-06 19:24:01.871116285+00:00,D,24.5,50,"['@', 'I']",177,C,CCD
2022-05-06 19:24:01.871155520+00:00,D,24.49,84,"['@', 'I']",178,C,CCD
2022-05-06 19:24:57.432000+00:00,D,24.515,220,['@'],39,C,CCD
2022-05-06 19:24:57.761850632+00:00,Q,24.5,1,"['@', 'I']",130,C,CCD
2022-05-06 19:27:29.344295787+00:00,D,24.515,5,"['@', 'I']",181,C,CCD
2022-05-06 19:29:08.111000+00:00,D,24.525,5,"['@', 'I']",182,C,CCD
2022-05-06 19:29:16.258537+00:00,J,24.5,100,['@'],31,C,CCD
2022-05-06 19:29:16.258537+00:00,Y,24.51,100,['@'],4,C,CCD
2022-05-06 19:29:16.258556609+00:00,U,24.51,100,['@'],24,C,CCD
2022-05-06 19:29:16.258556609+00:00,U,24.5,100,['@'],25,C,CCD
2022-05-06 19:29:16.260982339+00:00,U,24.47,600,['@'],26,C,CCD
2022-05-06 19:30:05.054555+00:00,D,24.505,300,['@'],183,C,CCD
2022-05-06 19:30:06.963424+00:00,D,24.46,100,['@'],184,C,CCD
2022-05-06 19:30:07.358021210+00:00,D,24.55,80,"['@', 'I']",185,C,CCD
2022-05-06 19:31:06.939000+00:00,D,24.4602,200,['@'],186,C,CCD
2022-05-06 19:31:06.939170+00:00,Z,24.46,100,['@'],50,C,CCD
2022-05-06 19:31:06.939365869+00:00,Q,24.46,2,"['@', 'I']",131,C,CCD
2022-05-06 19:31:06.940000+00:00,D,24.46,298,['@'],187,C,CCD
2022-05-06 19:31:08.532945+00:00,Z,24.46,200,"['@', 'F']",51,C,CCD
2022-05-06 19:31:11.086648+00:00,Z,24.46,100,"['@', 'F']",52,C,CCD
2022-05-06 19:32:18.597000+00:00,D,24.505,120,['@'],40,C,CCD
2022-05-06 19:32:53.029769782+00:00,Q,24.5,1,"['@', 'I']",132,C,CCD
2022-05-06 19:33:07.689000+00:00,D,24.4602,88,"['@', 'I']",188,C,CCD
2022-05-06 19:33:07.689319936+00:00,P,24.46,12,"['@', 'I']",47,C,CCD
2022-05-06 19:33:07.689319936+00:00,P,24.46,100,['@'],48,C,CCD
2022-05-06 19:33:07.694000+00:00,D,24.46,1,"['@', 'I']",189,C,CCD
2022-05-06 19:33:09.747859+00:00,D,24.5,25,"['@', 'I']",41,C,CCD
2022-05-06 19:33:17.884358675+00:00,D,24.5,100,['@'],42,C,CCD
2022-05-06 19:33:53.299000+00:00,D,24.505,100,['@'],43,C,CCD
2022-05-06 19:34:54.129400320+00:00,P,24.46,200,"['@', 'F']",49,C,CCD
2022-05-06 19:34:54.129848408+00:00,Q,24.45,10,"['@', 'F', 'I']",133,C,CCD
2022-05-06 19:34:54.129848408+00:00,Q,24.45,100,"['@', 'F']",134,C,CCD
2022-05-06 19:34:54.130198+00:00,K,24.45,25,"['@', 'F', 'I']",52,C,CCD
2022-05-06 19:34:54.130198+00:00,K,24.4,100,"['@', 'F']",53,C,CCD
2022-05-06 19:34:54.130313+00:00,J,24.42,100,['@'],32,C,CCD
2022-05-06 19:34:54.130521601+00:00,B,24.35,78,"['@', 'F', 'I']",1,C,CCD
2022-05-06 19:34:55.052759808+00:00,P,24.46,100,"['@', 'F']",50,C,CCD
2022-05-06 19:37:09.362508004+00:00,U,24.51,100,['@'],27,C,CCD
2022-05-06 19:37:09.888893706+00:00,Q,24.51,100,['@'],135,C,CCD
2022-05-06 19:37:58.252232762+00:00,D,24.51,9,"['@', 'I']",190,C,CCD
2022-05-06 19:38:44.175625208+00:00,U,24.52,100,['@'],28,C,CCD
2022-05-06 19:38:44.182000+00:00,D,24.52,1875,['@'],191,C,CCD
2022-05-06 19:38:44.191000+00:00,D,24.52,1,"['@', 'I']",193,C,CCD
2022-05-06 19:38:44.192076985+00:00,D,24.52,24,"['@', 'I']",192,C,CCD
2022-05-06 19:38:45.065500071+00:00,Q,24.52,200,"['@', 'F']",136,C,CCD
2022-05-06 19:38:45.065500071+00:00,Q,24.52,100,"['@', 'F']",137,C,CCD
2022-05-06 19:38:47.711293007+00:00,D,24.46,100,['@'],194,C,CCD
2022-05-06 19:38:52.177195377+00:00,D,24.455,13,"['@', 'I']",44,C,CCD
2022-05-06 19:39:29.209825+00:00,D,24.45,33,"['@', 'I']",195,C,CCD
2022-05-06 19:40:23.553806+00:00,Z,24.52,200,"['@', 'F']",53,C,CCD
2022-05-06 19:40:38.387213987+00:00,Q,24.46,20,"['@', 'I']",138,C,CCD
2022-05-06 19:40:48.878492+00:00,Z,24.51,200,"['@', 'F']",54,C,CCD
2022-05-06 19:41:46.750907+00:00,K,24.475,100,['@'],54,C,CCD
2022-05-06 19:42:16.047828992+00:00,P,24.46,100,['@'],51,C,CCD
2022-05-06 19:45:01.619536515+00:00,D,24.5303,15,"['@', 'I']",196,C,CCD
2022-05-06 19:45:07.078000+00:00,D,24.55,1000,['@'],45,C,CCD
2022-05-06 19:45:59.348581+00:00,K,24.44,1,"['@', 'I']",55,C,CCD
2022-05-06 19:46:51.509000+00:00,D,24.445,1,"['@', 'I']",197,C,CCD
2022-05-06 19:50:01.472463821+00:00,D,24.45,100,['@'],198,C,CCD
2022-05-06 19:50:29.737141374+00:00,Q,24.53,25,"['@', 'F', 'I']",139,C,CCD
2022-05-06 19:54:53.818000+00:00,D,24.4249,253,['@'],199,C,CCD
2022-05-06 19:54:53.819000+00:00,D,24.42,10,"['@', 'I']",200,C,CCD
2022-05-06 19:55:15.350000+00:00,D,24.4889,1,"['@', 'I']",201,C,CCD
2022-05-06 19:55:15.354000+00:00,D,24.4889,1,"['@', 'I']",202,C,CCD
2022-05-06 19:55:21.423597326+00:00,D,24.465,100,['@'],203,C,CCD
2022-05-06 19:55:34.459000+00:00,D,24.5499,28,"['@', 'I']",204,C,CCD
2022-05-06 19:56:03.829937920+00:00,P,24.51,200,['@'],52,C,CCD
2022-05-06 19:56:29.535894500+00:00,D,24.47,100,['@'],46,C,CCD
2022-05-06 19:56:52.764944+00:00,D,24.35,6,"['@', 'I']",205,C,CCD
2022-05-06 19:57:06.244000+00:00,D,24.485,1,"['@', 'I']",206,C,CCD
2022-05-06 19:57:07.251924123+00:00,Q,24.47,5,"['@', 'I']",140,C,CCD
2022-05-06 19:58:11.186556403+00:00,D,24.47,100,['@'],207,C,CCD
2022-05-06 19:59:30.038593709+00:00,D,24.55,100,['@'],208,C,CCD
2022-05-06 19:59:30.038593710+00:00,D,24.55,100,['@'],209,C,CCD
2022-05-06 19:59:30.038593711+00:00,D,24.55,100,['@'],210,C,CCD
2022-05-06 19:59:30.039741+00:00,D,24.55,100,['@'],212,C,CCD
2022-05-06 19:59:30.041486+00:00,Z,24.55,100,"['@', 'F']",55,C,CCD
2022-05-06 19:59:30.041486+00:00,Z,24.55,100,"['@', 'F']",56,C,CCD
2022-05-06 19:59:30.041634104+00:00,D,24.525,34,"['@', 'I']",211,C,CCD
2022-05-06 19:59:30.042001152+00:00,Q,24.54,50,"['@', 'I']",141,C,CCD
2022-05-06 19:59:30.042001152+00:00,Q,24.55,50,"['@', 'I']",142,C,CCD
2022-05-06 19:59:30.042886256+00:00,Q,24.55,50,"['@', 'F', 'I']",143,C,CCD
2022-05-06 19:59:30.042886256+00:00,Q,24.55,1,"['@', 'F', 'I']",144,C,CCD
2022-05-06 19:59:30.042886256+00:00,Q,24.55,100,"['@', 'F']",145,C,CCD
2022-05-06 19:59:30.042886256+00:00,Q,24.55,100,"['@', 'F']",146,C,CCD
2022-05-06 19:59:30.043029+00:00,Z,24.55,11,"['@', 'I']",57,C,CCD
2022-05-06 19:59:30.043092+00:00,Z,24.55,23,"['@', 'F', 'I']",58,C,CCD
2022-05-06 19:59:30.061672844+00:00,Q,24.55,100,['@'],147,C,CCD
2022-05-06 19:59:30.061672844+00:00,Q,24.55,100,['@'],148,C,CCD
2022-05-06 19:59:30.152783515+00:00,H,24.55,137,"['@', 'F']",12,C,CCD
2022-05-06 19:59:30.152783515+00:00,H,24.55,129,"['@', 'F']",13,C,CCD
2022-05-06 19:59:30.153089806+00:00,X,24.6,235,"['@', 'F']",8,C,CCD
2022-05-06 19:59:30.153558318+00:00,Q,24.59,100,"['@', 'F']",149,C,CCD
2022-05-06 19:59:31.120924505+00:00,Q,24.53,74,"['@', 'I']",150,C,CCD
2022-05-06 19:59:42.347219212+00:00,Q,24.53,26,"['@', 'I']",151,C,CCD
2022-05-06 19:59:50.846008521+00:00,Q,24.55,100,['@'],152,C,CCD
2022-05-06 19:59:52.878192784+00:00,Q,24.55,73,"['@', 'F', 'I']",153,C,CCD
2022-05-06 19:59:54.494045614+00:00,Q,24.49,200,"['@', 'F']",154,C,CCD
2022-05-06 19:59:54.494045614+00:00,Q,24.44,273,"['@', 'F']",155,C,CCD
2022-05-06 19:59:56.868364584+00:00,Q,24.54,10,"['@', 'F', 'I']",156,C,CCD
2022-05-06 19:59:59.253000+00:00,D,24.46,500,['@'],47,C,CCD
2022-05-06 19:59:59.393337712+00:00,Q,24.46,10,"['@', 'F', 'I']",157,C,CCD
2022-05-06 19:59:59.539011952+00:00,Q,24.46,90,"['@', 'F', 'I']",158,C,CCD
2022-05-06 20:00:00.766925327+00:00,Q,24.45,280,"['@', '6', 'X']",159,C,CCD
2022-05-06 20:00:00.767142601+00:00,Q,24.45,280,"['@', 'M']",160,C,CCD
2022-05-06 11:31:03.077684+00:00,D,12.26,1,"['C', 'T', 'I']",1,C,CHI
2022-05-06 11:31:54.482708+00:00,D,12.26,1,"['C', 'T', 'I']",2,C,CHI
2022-05-06 13:30:01.545579379+00:00,Q,12.2,1874,"['@', 'O', 'X']",1,C,CHI
2022-05-06 13:30:01.545592350+00:00,Q,12.2,1874,"['@', 'Q']",2,C,CHI
2022-05-06 13:35:06.414051328+00:00,P,12.18,300,"['@', 'F']",1,C,CHI
2022-05-06 13:35:06.414051328+00:00,P,12.18,300,"['@', 'Q']",2,C,CHI
2022-05-06 13:35:06.414069504+00:00,P,12.18,600,"['@', 'F']",3,C,CHI
2022-05-06 13:35:07.619607808+00:00,P,12.18,96,"['@', 'F', 'I']",4,C,CHI
2022-05-06 13:35:07.619614976+00:00,P,12.18,32,"['@', 'F', 'I']",5,C,CHI
2022-05-06 13:35:07.619664896+00:00,P,12.18,15,"['@', 'I']",6,C,CHI
2022-05-06 13:35:07.619670016+00:00,P,12.18,52,"['@', 'I']",7,C,CHI
2022-05-06 13:35:07.619858432+00:00,P,12.18,300,"['@', 'F']",8,C,CHI
2022-05-06 13:35:07.619903744+00:00,P,12.18,13,"['@', 'I']",9,C,CHI
2022-05-06 13:35:07.620305408+00:00,P,12.18,32,"['@', 'F', 'I']",10,C,CHI
2022-05-06 13:35:07.620605440+00:00,P,12.18,24,"['@', 'F', 'I']",11,C,CHI
2022-05-06 13:35:07.643525376+00:00,P,12.18,316,"['@', 'F']",12,C,CHI
2022-05-06 13:35:07.657009152+00:00,P,12.18,20,"['@', 'I']",13,C,CHI
2022-05-06 13:35:08.825861376+00:00,P,12.18,900,"['@', 'F']",14,C,CHI
2022-05-06 13:35:10.275791616+00:00,P,12.2,213,"['@', 'F']",15,C,CHI
2022-05-06 13:35:10.276198400+00:00,P,12.2,24,"['@', 'F', 'I']",16,C,CHI
2022-05-06 13:35:10.353756672+00:00,P,12.21,101,['@'],17,C,CHI
2022-05-06 13:35:10.353763072+00:00,P,12.21,64,"['@', 'F', 'I']",18,C,CHI
2022-05-06 13:35:10.353816320+00:00,P,12.21,137,['@'],19,C,CHI
2022-05-06 13:35:10.353839616+00:00,P,12.21,100,['@'],20,C,CHI
2022-05-06 13:35:10.353860096+00:00,P,12.21,261,['@'],21,C,CHI
2022-05-06 13:35:11.731557632+00:00,P,12.21,96,"['@', 'F', 'I']",22,C,CHI
2022-05-06 13:35:17.311533455+00:00,U,12.21,167,['@'],1,C,CHI
2022-05-06 13:35:34.883420451+00:00,Q,12.21,24,"['@', 'F', 'I']",3,C,CHI
2022-05-06 13:35:40.925309998+00:00,Q,12.22,10,"['@', 'F', 'I']",4,C,CHI
2022-05-06 13:36:43.524865280+00:00,P,12.21,603,"['@', 'F']",23,C,CHI
2022-05-06 13:36:44.534832640+00:00,P,12.21,84,"['@', 'F', 'I']",24,C,CHI
2022-05-06 13:36:51.668000+00:00,D,12.22,304,['@'],5,C,CHI
2022-05-06 13:36:51.669303222+00:00,D,12.16,303,['@'],3,C,CHI
2022-05-06 13:36:51.669401179+00:00,D,12.16,774,['@'],4,C,CHI
2022-05-06 13:36:56.891945027+00:00,D,12.19,7,"['@', 'I']",6,C,CHI
2022-05-06 13:36:57.015710278+00:00,D,12.19,2,"['@', 'I']",7,C,CHI
2022-05-06 13:37:04.804801+00:00,J,12.16,100,"['@', 'F']",1,C,CHI
2022-05-06 13:37:04.804845287+00:00,Q,12.16,50,"['@', 'F', 'I']",5,C,CHI
2022-05-06 13:37:04.805325699+00:00,Q,12.15,816,"['@', 'F']",6,C,CHI
2022-05-06 13:37:04.805789+00:00,K,12.15,100,"['@', 'F']",1,C,CHI
2022-05-06 13:37:04.805822+00:00,K,12.15,100,['@'],2,C,CHI
2022-05-06 13:37:04.805908+00:00,K,12.15,100,"['@', 'F']",3,C,CHI
2022-05-06 13:37:04.805939+00:00,K,12.15,100,"['@', 'F']",4,C,CHI
2022-05-06 13:37:04.805948619+00:00,Q,12.15,100,['@'],7,C,CHI
2022-05-06 13:37:04.805949115+00:00,Q,12.15,100,"['@', 'F']",8,C,CHI
2022-05-06 13:37:04.805961+00:00,K,12.15,100,['@'],5,C,CHI
2022-05-06 13:37:04.805965056+00:00,P,12.15,100,"['@', 'F']",25,C,CHI
2022-05-06 13:37:04.805992+00:00,K,12.15,100,"['@', 'F']",6,C,CHI
2022-05-06 13:37:04.806015365+00:00,Q,12.15,3,"['@', 'F', 'I']",9,C,CHI
2022-05-06 13:37:04.806020864+00:00,P,12.15,100,"['@', 'F']",26,C,CHI
2022-05-06 13:37:04.806021+00:00,K,12.15,100,"['@', 'F']",7,C,CHI
2022-05-06 13:37:04.806036213+00:00,Q,12.15,97,"['@', 'I']",10,C,CHI
2022-05-06 13:37:04.806036213+00:00,Q,12.15,3,"['@', 'I']",11,C,CHI
2022-05-06 13:37:04.806039808+00:00,P,12.15,100,['@'],27,C,CHI
2022-05-06 13:37:04.806045+00:00,K,12.15,100,"['@', 'F']",8,C,CHI
2022-05-06 13:37:04.806056547+00:00,Q,12.15,100,['@'],12,C,CHI
2022-05-06 13:37:04.806061+00:00,K,12.15,34,"['@', 'F', 'I']",9,C,CHI
2022-05-06 13:37:04.806071289+00:00,Q,12.15,3,"['@', 'F', 'I']",13,C,CHI
2022-05-06 13:37:04.806075392+00:00,P,12.15,17,"['@', 'F', 'I']",28,C,CHI
2022-05-06 13:37:04.806118656+00:00,P,12.15,83,"['@', 'I']",29,C,CHI
2022-05-06 13:37:04.806152179+00:00,Q,12.15,100,"['@', 'F']",14,C,CHI
2022-05-06 13:37:04.806168948+00:00,Q,12.15,100,['@'],15,C,CHI
2022-05-06 13:37:04.806177536+00:00,P,12.15,100,"['@', 'F']",30,C,CHI
2022-05-06 13:37:04.806197760+00:00,P,12.15,100,['@'],31,C,CHI
2022-05-06 13:37:04.806292870+00:00,Q,12.15,100,"['@', 'F']",16,C,CHI
2022-05-06 13:37:04.806299880+00:00,Q,12.15,100,['@'],17,C,CHI
2022-05-06 13:37:04.806326278+00:00,Q,12.15,3,"['@', 'F', 'I']",18,C,CHI
2022-05-06 13:37:04.806354944+00:00,P,12.15,100,"['@', 'F']",32,C,CHI
2022-05-06 13:37:04.806361344+00:00,P,12.15,66,"['@', 'F', 'I']",33,C,CHI
2022-05-06 13:37:04.806365328+00:00,Q,12.15,100,['@'],19,C,CHI
2022-05-06 13:37:04.806407021+00:00,Q,12.15,24,"['@', 'F', 'I']",20,C,CHI
2022-05-06 13:37:04.806421760+00:00,P,12.15,34,"['@', 'F', 'I']",34,C,CHI
2022-05-06 13:37:04.806421760+00:00,P,12.15,66,"['@', 'F', 'I']",35,C,CHI
2022-05-06 13:37:04.806440960+00:00,P,12.15,34,"['@', 'F', 'I']",36,C,CHI
2022-05-06 13:37:04.806471936+00:00,P,12.15,100,"['@', 'F']",37,C,CHI
2022-05-06 13:37:04.806482944+00:00,P,12.15,100,['@'],38,C,CHI
2022-05-06 13:37:04.806489581+00:00,Q,12.15,76,"['@', 'F', 'I']",21,C,CHI
2022-05-06 13:37:04.806489581+00:00,Q,12.15,24,"['@', 'F', 'I']",22,C,CHI
2022-05-06 13:37:04.806529024+00:00,P,12.15,100,"['@', 'F']",39,C,CHI
2022-05-06 13:37:04.806535147+00:00,Q,12.15,76,"['@', 'F', 'I']",23,C,CHI
2022-05-06 13:37:04.806535147+00:00,Q,12.15,24,"['@', 'F', 'I']",24,C,CHI
2022-05-06 13:37:04.806556928+00:00,P,12.15,61,"['@', 'F', 'I']",40,C,CHI
2022-05-06 13:37:04.806579456+00:00,P,12.15,39,"['@', 'F', 'I']",41,C,CHI
2022-05-06 13:37:04.806579456+00:00,P,12.15,61,"['@', 'F', 'I']",42,C,CHI
2022-05-06 13:37:04.806628096+00:00,P,12.15,4,"['@', 'F', 'I']",43,C,CHI
2022-05-06 13:37:04.806677492+00:00,Q,12.15,58,"['@', 'F', 'I']",25,C,CHI
2022-05-06 13:37:04.806679296+00:00,P,12.15,35,"['@', 'I']",44,C,CHI
2022-05-06 13:37:04.806679296+00:00,P,12.15,65,"['@', 'I']",45,C,CHI
2022-05-06 13:37:04.806687739+00:00,Q,12.15,9,"['@', 'F', 'I']",26,C,CHI
2022-05-06 13:37:04.806695680+00:00,P,12.15,35,"['@', 'F', 'I']",46,C,CHI
2022-05-06 13:37:04.806695680+00:00,P,12.15,13,"['@', 'F', 'I']",47,C,CHI
2022-05-06 13:37:04.806766848+00:00,P,12.15,87,"['@', 'F', 'I']",48,C,CHI
2022-05-06 13:37:04.806766848+00:00,P,12.15,13,"['@', 'F', 'I']",49,C,CHI
2022-05-06 13:37:04.806778368+00:00,P,12.15,87,"['@', 'F', 'I']",50,C,CHI
2022-05-06 13:37:04.806778368+00:00,P,12.15,13,"['@', 'F', 'I']",51,C,CHI
2022-05-06 13:37:04.806783744+00:00,P,12.15,48,"['@', 'F', 'I']",52,C,CHI
2022-05-06 13:37:04.806796544+00:00,P,12.15,39,"['@', 'F', 'I']",53,C,CHI
2022-05-06 13:37:04.806796544+00:00,P,12.15,61,"['@', 'F', 'I']",54,C,CHI
2022-05-06 13:37:04.806844416+00:00,P,12.15,39,"['@', 'F', 'I']",55,C,CHI
2022-05-06 13:37:04.806844416+00:00,P,12.15,61,"['@', 'F', 'I']",56,C,CHI
2022-05-06 13:37:04.806862848+00:00,P,12.15,39,"['@', 'F', 'I']",57,C,CHI
2022-05-06 13:37:05.703700497+00:00,Q,12.19,168,"['@', 'F']",27,C,CHI
2022-05-06 13:37:05.703702963+00:00,Q,12.19,732,['@'],28,C,CHI
2022-05-06 13:37:06.711472076+00:00,Q,12.19,48,"['@', 'F', 'I']",29,C,CHI
2022-05-06 13:37:06.711662245+00:00,Q,12.19,852,"['@', 'F']",30,C,CHI
2022-05-06 13:37:08.720442112+00:00,P,12.19,288,"['@', 'F']",58,C,CHI
2022-05-06 13:37:08.720448256+00:00,P,12.19,32,"['@', 'F', 'I']",59,C,CHI
2022-05-06 13:37:08.720456448+00:00,P,12.19,32,"['@', 'F', 'I']",60,C,CHI
2022-05-06 13:37:09.726125+00:00,Z,12.19,548,"['@', 'F']",1,C,CHI
2022-05-06 13:37:26.827209566+00:00,Q,12.19,94,"['@', 'I']",31,C,CHI
2022-05-06 13:37:28.747899+00:00,Z,12.16,806,"['@', 'F']",2,C,CHI
2022-05-06 13:37:28.748524873+00:00,V,12.16,100,['@'],1,C,CHI
2022-05-06 13:37:28.748586741+00:00,Q,12.14,200,"['@', 'F']",32,C,CHI
2022-05-06 13:37:28.748731248+00:00,Q,12.15,100,"['@', 'F']",33,C,CHI
2022-05-06 13:37:28.748731248+00:00,Q,12.14,794,"['@', 'F']",34,C,CHI
2022-05-06 13:37:28.839548179+00:00,U,12.19,900,['@'],2,C,CHI
2022-05-06 13:37:30.850980+00:00,Z,12.19,539,"['@', 'F']",3,C,CHI
2022-05-06 13:37:30.851065+00:00,Z,12.19,361,['@'],4,C,CHI
2022-05-06 13:37:32.488683370+00:00,V,12.16,100,['@'],2,C,CHI
2022-05-06 13:37:32.490157669+00:00,Q,12.16,72,"['@', 'F', 'I']",35,C,CHI
2022-05-06 13:37:32.490280729+00:00,Q,12.16,28,"['@', 'I']",36,C,CHI
2022-05-06 13:37:34.508710781+00:00,D,12.15,100,['@'],1,C,CHI
2022-05-06 13:37:38.900559333+00:00,V,12.17,38,"['@', 'I']",3,C,CHI
2022-05-06 13:37:39.440503773+00:00,Q,12.15,400,"['@', 'F']",37,C,CHI
2022-05-06 13:37:40.911000+00:00,D,12.17,100,['@'],8,C,CHI
2022-05-06 13:37:40.911000+00:00,D,12.17,100,['@'],9,C,CHI
2022-05-06 13:37:40.911254272+00:00,P,12.18,32,"['@', 'F', 'I']",61,C,CHI
2022-05-06 13:37:40.911260416+00:00,P,12.18,32,"['@', 'F', 'I']",62,C,CHI
2022-05-06 13:37:40.911276288+00:00,P,12.18,100,['@'],63,C,CHI
2022-05-06 13:37:40.911338496+00:00,P,12.18,100,['@'],64,C,CHI
2022-05-06 13:37:40.911372544+00:00,P,12.18,100,['@'],65,C,CHI
2022-05-06 13:37:40.911415808+00:00,P,12.18,136,['@'],66,C,CHI
2022-05-06 13:37:40.911727755+00:00,V,12.17,38,"['@', 'I']",4,C,CHI
2022-05-06 13:37:41.914082404+00:00,Q,12.16,100,"['@', 'F']",38,C,CHI
2022-05-06 13:37:42.919188116+00:00,Q,12.16,3,"['@', 'I']",39,C,CHI
2022-05-06 13:37:42.919839767+00:00,V,12.16,24,"['@', 'I']",5,C,CHI
2022-05-06 13:37:42.919839767+00:00,V,12.16,14,"['@', 'I']",6,C,CHI
2022-05-06 13:37:43.921454640+00:00,Q,12.16,3,"['@', 'I']",40,C,CHI
2022-05-06 13:37:43.922100752+00:00,V,12.16,38,"['@', 'I']",7,C,CHI
2022-05-06 13:37:44.726322+00:00,Z,12.15,500,"['@', 'F']",5,C,CHI
2022-05-06 13:37:44.929442679+00:00,Q,12.16,100,"['@', 'F']",41,C,CHI
2022-05-06 13:37:44.929483392+00:00,Q,12.17,24,"['@', 'F', 'I']",42,C,CHI
2022-05-06 13:37:45.934520615+00:00,Q,12.16,176,"['@', 'F']",43,C,CHI
2022-05-06 13:37:46.940320+00:00,Z,12.165,200,['@'],6,C,CHI
2022-05-06 13:37:46.940431+00:00,Z,12.18,152,"['@', 'F']",7,C,CHI
2022-05-06 13:37:46.940517+00:00,Z,12.18,548,['@'],8,C,CHI
2022-05-06 13:37:48.943557041+00:00,Q,12.16,66,"['@', 'F', 'I']",44,C,CHI
2022-05-06 13:37:48.944063068+00:00,V,12.16,24,"['@', 'I']",8,C,CHI
2022-05-06 13:37:48.944063068+00:00,V,12.16,14,"['@', 'I']",9,C,CHI
2022-05-06 13:37:55.957111228+00:00,Q,12.16,600,['@'],45,C,CHI
2022-05-06 13:38:15.634784+00:00,Z,12.15,200,"['@', 'F']",9,C,CHI
2022-05-06 13:38:15.635238+00:00,Z,12.15,34,"['@', 'F', 'I']",10,C,CHI
2022-05-06 13:38:15.635518817+00:00,V,12.15,66,"['@', 'I']",10,C,CHI
2022-05-06 13:41:42.957895+00:00,J,12.14,100,"['@', 'F']",2,C,CHI
2022-05-06 13:41:42.957904+00:00,K,12.15,100,"['@', 'F']",10,C,CHI
2022-05-06 13:41:42.957904+00:00,K,12.14,900,"['@', 'F']",11,C,CHI
2022-05-06 13:41:42.957956874+00:00,Q,12.15,100,"['@', 'F']",46,C,CHI
2022-05-06 13:41:42.957956874+00:00,Q,12.14,300,"['@', 'F']",47,C,CHI
2022-05-06 13:42:44.302896152+00:00,D,12.1401,5000,['@'],2,C,CHI
2022-05-06 13:43:35.799888933+00:00,D,12.1405,1,"['@', 'I']",10,C,CHI
2022-05-06 13:44:29.573879+00:00,K,12.15,1,"['@', 'F', 'I']",12,C,CHI
2022-05-06 13:44:56.107003+00:00,K,12.14,37,"['@', 'F', 'I']",13,C,CHI
2022-05-06 13:44:56.107095896+00:00,Q,12.14,24,"['@', 'F', 'I']",48,C,CHI
2022-05-06 13:44:56.107116370+00:00,Q,12.14,24,"['@', 'F', 'I']",49,C,CHI
2022-05-06 13:44:56.107264+00:00,K,12.14,63,"['@', 'F', 'I']",14,C,CHI
2022-05-06 13:44:56.107315044+00:00,Q,12.14,4,"['@', 'F', 'I']",50,C,CHI
2022-05-06 13:44:56.107466571+00:00,Q,12.14,100,['@'],51,C,CHI
2022-05-06 13:44:56.107554945+00:00,Q,12.14,100,['@'],52,C,CHI
2022-05-06 13:44:56.107614154+00:00,Q,12.14,100,['@'],53,C,CHI
2022-05-06 13:44:56.107641229+00:00,Q,12.14,100,['@'],54,C,CHI
2022-05-06 13:44:56.107710688+00:00,Q,12.14,100,['@'],55,C,CHI
2022-05-06 13:44:56.139350742+00:00,Q,12.14,728,"['@', 'F']",56,C,CHI
2022-05-06 13:45:32.581847+00:00,Z,12.12,500,"['@', 'F']",11,C,CHI
2022-05-06 13:45:32.583844+00:00,D,12.16,100,['@'],11,C,CHI
2022-05-06 13:45:32.610583+00:00,K,12.13,8,"['@', 'I']",15,C,CHI
2022-05-06 13:45:32.611000+00:00,D,12.13,2,"['@', 'I']",3,C,CHI
2022-05-06 13:45:33.588874+00:00,D,12.1,100,['@'],12,C,CHI
2022-05-06 13:45:34.211573624+00:00,D,12.135,73,"['@', 'I']",4,C,CHI
2022-05-06 13:45:34.215545243+00:00,D,12.135,27,"['@', 'I']",5,C,CHI
2022-05-06 13:47:33.750000+00:00,D,12.1219,307,['@'],13,C,CHI
2022-05-06 13:47:53.937341440+00:00,P,12.1,100,"['@', 'F']",67,C,CHI
2022-05-06 13:47:53.937398528+00:00,P,12.1,100,"['@', 'F']",68,C,CHI
2022-05-06 13:47:53.937447680+00:00,P,12.1,32,"['@', 'F', 'I']",69,C,CHI
2022-05-06 13:47:53.937455104+00:00,P,12.1,68,"['@', 'F', 'I']",70,C,CHI
2022-05-06 13:47:53.937496064+00:00,P,12.1,100,"['@', 'F']",71,C,CHI
2022-05-06 13:47:53.937504512+00:00,P,12.1,100,['@'],72,C,CHI
2022-05-06 13:47:53.937549056+00:00,P,12.1,48,"['@', 'F', 'I']",73,C,CHI
2022-05-06 13:47:53.937562112+00:00,P,12.1,48,"['@', 'F', 'I']",74,C,CHI
2022-05-06 13:47:53.937701632+00:00,P,12.1,4,"['@', 'F', 'I']",75,C,CHI
2022-05-06 13:47:53.937701632+00:00,P,12.1,96,"['@', 'F', 'I']",76,C,CHI
2022-05-06 13:47:53.937747712+00:00,P,12.1,4,"['@', 'F', 'I']",77,C,CHI
2022-05-06 13:47:53.937747712+00:00,P,12.1,5,"['@', 'F', 'I']",78,C,CHI
2022-05-06 13:47:53.939604+00:00,Z,12.09,100,"['@', 'F']",12,C,CHI
2022-05-06 13:47:54.061887043+00:00,D,12.12,73,"['@', 'I']",6,C,CHI
2022-05-06 13:48:06.865225291+00:00,U,12.08,100,"['@', 'F']",3,C,CHI
2022-05-06 13:48:10.630000+00:00,D,12.0999,1000,['@'],14,C,CHI
2022-05-06 13:48:10.637008135+00:00,Q,12.07,100,"['@', 'F']",57,C,CHI
2022-05-06 13:49:58.799670636+00:00,D,12.0894,6,"['@', 'I']",15,C,CHI
2022-05-06 13:50:21.683684+00:00,D,12.1,100,['@'],16,C,CHI
2022-05-06 13:50:21.683713+00:00,K,12.1,300,"['@', 'F']",16,C,CHI
2022-05-06 13:50:21.683713+00:00,K,12.1,16,"['@', 'F', 'I']",17,C,CHI
2022-05-06 13:50:21.683770319+00:00,X,12.1,200,"['@', 'F']",1,C,CHI
2022-05-06 13:50:21.684019049+00:00,X,12.1,47,"['@', 'F', 'I']",2,C,CHI
2022-05-06 13:50:21.684019049+00:00,X,12.1,18,"['@', 'F', 'I']",3,C,CHI
2022-05-06 13:51:35.671000+00:00,D,12.125,200,['@'],17,C,CHI
2022-05-06 13:53:49.372583181+00:00,D,12.125,438,['@'],18,C,CHI
2022-05-06 13:53:52.800785638+00:00,D,12.1377,100,['@'],19,C,CHI
2022-05-06 13:54:29.223282+00:00,K,12.11,100,['@'],18,C,CHI
2022-05-06 13:54:29.228088+00:00,K,12.1,100,"['@', 'F']",19,C,CHI
2022-05-06 13:54:29.228207585+00:00,Q,12.1,278,"['@', 'F']",58,C,CHI
2022-05-06 13:54:29.228207585+00:00,Q,12.1,100,"['@', 'F']",59,C,CHI
2022-05-06 13:54:29.228207585+00:00,Q,12.1,1100,"['@', 'F']",60,C,CHI
2022-05-06 13:54:29.229000+00:00,D,12.1012,100,['@'],20,C,CHI
2022-05-06 13:54:29.229000+00:00,D,12.1012,278,['@'],21,C,CHI
2022-05-06 13:54:29.229000+00:00,D,12.1012,100,['@'],22,C,CHI
2022-05-06 13:54:29.230000+00:00,D,12.1012,1100,['@'],23,C,CHI
2022-05-06 13:54:29.234134+00:00,K,12.08,322,"['@', 'F']",20,C,CHI
2022-05-06 13:54:29.235000+00:00,D,12.1012,322,['@'],24,C,CHI
2022-05-06 13:54:29.235000+00:00,D,12.08,3000,['@'],25,C,CHI
2022-05-06 13:55:28.257000+00:00,D,12.11,600,['@'],26,C,CHI
2022-05-06 13:55:37.286000+00:00,D,12.105,420,['@'],7,C,CHI
2022-05-06 14:00:28.103134805+00:00,D,12.084,1,"['@', 'I']",8,C,CHI
2022-05-06 14:04:42.956805+00:00,D,12.1245,85,"['@', 'I']",27,C,CHI
2022-05-06 14:05:29.701603425+00:00,Q,12.13,400,['@'],61,C,CHI
2022-05-06 14:05:29.701640633+00:00,Q,12.13,3,"['@', 'F', 'I']",62,C,CHI
2022-05-06 14:05:29.701692281+00:00,Q,12.13,3,"['@', 'F', 'I']",63,C,CHI
2022-05-06 14:05:29.701727411+00:00,Q,12.13,3,"['@', 'F', 'I']",64,C,CHI
2022-05-06 14:05:29.701761683+00:00,Q,12.13,3,"['@', 'F', 'I']",65,C,CHI
2022-05-06 14:05:29.701796671+00:00,Q,12.13,3,"['@', 'F', 'I']",66,C,CHI
2022-05-06 14:05:29.701831429+00:00,Q,12.13,3,"['@', 'F', 'I']",67,C,CHI
2022-05-06 14:05:29.701865519+00:00,Q,12.13,3,"['@', 'F', 'I']",68,C,CHI
2022-05-06 14:05:29.701898903+00:00,Q,12.13,3,"['@', 'F', 'I']",69,C,CHI
2022-05-06 14:05:29.701931696+00:00,Q,12.13,3,"['@', 'F', 'I']",70,C,CHI
2022-05-06 14:05:29.701965474+00:00,Q,12.13,3,"['@', 'F', 'I']",71,C,CHI
2022-05-06 14:05:29.701998798+00:00,Q,12.13,3,"['@', 'F', 'I']",72,C,CHI
2022-05-06 14:05:29.702032990+00:00,Q,12.13,3,"['@', 'F', 'I']",73,C,CHI
2022-05-06 14:05:29.702066235+00:00,Q,12.13,3,"['@', 'F', 'I']",74,C,CHI
2022-05-06 14:05:29.702100912+00:00,Q,12.13,3,"['@', 'F', 'I']",75,C,CHI
2022-05-06 14:05:29.702134770+00:00,Q,12.13,3,"['@', 'F', 'I']",76,C,CHI
2022-05-06 14:05:29.702168160+00:00,Q,12.13,3,"['@', 'F', 'I']",77,C,CHI
2022-05-06 14:05:29.702202435+00:00,Q,12.13,3,"['@', 'F', 'I']",78,C,CHI
2022-05-06 14:05:29.702235813+00:00,Q,12.13,3,"['@', 'F', 'I']",79,C,CHI
2022-05-06 14:05:29.702269184+00:00,Q,12.13,3,"['@', 'F', 'I']",80,C,CHI
2022-05-06 14:05:29.702303432+00:00,Q,12.13,3,"['@', 'F', 'I']",81,C,CHI
2022-05-06 14:05:29.702337730+00:00,Q,12.13,3,"['@', 'F', 'I']",82,C,CHI
2022-05-06 14:05:29.702371395+00:00,Q,12.13,3,"['@', 'F', 'I']",83,C,CHI
2022-05-06 14:05:29.702404721+00:00,Q,12.13,3,"['@', 'F', 'I']",84,C,CHI
2022-05-06 14:05:29.702438935+00:00,Q,12.13,3,"['@', 'F', 'I']",85,C,CHI
2022-05-06 14:05:29.702471771+00:00,Q,12.13,3,"['@', 'F', 'I']",86,C,CHI
2022-05-06 14:09:37.429843+00:00,K,12.15,100,"['@', 'F']",21,C,CHI
2022-05-06 14:10:39.932000+00:00,D,12.14,2,"['@', 'I']",9,C,CHI
2022-05-06 14:11:13.011000+00:00,D,12.1391,2060,['@'],10,C,CHI
2022-05-06 14:13:03.936533504+00:00,P,12.15,10,"['@', 'F', 'I']",79,C,CHI
2022-05-06 14:14:32.679890+00:00,D,12.16,300,['@'],29,C,CHI
2022-05-06 14:14:32.680479334+00:00,Q,12.16,10,"['@', 'F', 'I']",87,C,CHI
2022-05-06 14:14:32.680479334+00:00,Q,12.16,100,"['@', 'F']",88,C,CHI
2022-05-06 14:14:32.680906+00:00,Y,12.17,500,"['@', 'F']",1,C,CHI
2022-05-06 14:14:32.680913+00:00,K,12.17,1000,"['@', 'F']",22,C,CHI
2022-05-06 14:14:32.681815+00:00,D,12.17,400,['@'],28,C,CHI
2022-05-06 14:14:32.682186724+00:00,Q,12.18,874,"['@', 'F']",89,C,CHI
2022-05-06 14:14:32.769486895+00:00,D,12.185,200,['@'],30,C,CHI
2022-05-06 14:14:32.770000+00:00,D,12.1802,300,['@'],31,C,CHI
2022-05-06 14:15:24.682417301+00:00,D,12.12,350,['@'],32,C,CHI
2022-05-06 14:16:57.001488384+00:00,P,12.19,900,"['@', 'F']",80,C,CHI
2022-05-06 14:16:57.002163968+00:00,P,12.19,100,"['@', 'F']",81,C,CHI
2022-05-06 14:16:57.002217216+00:00,P,12.19,100,"['@', 'F']",82,C,CHI
2022-05-06 14:16:57.002270464+00:00,P,12.19,64,"['@', 'F', 'I']",83,C,CHI
2022-05-06 14:16:57.002278144+00:00,P,12.19,36,"['@', 'F', 'I']",84,C,CHI
2022-05-06 14:16:57.002322688+00:00,P,12.19,100,"['@', 'F']",85,C,CHI
2022-05-06 14:16:57.002473728+00:00,P,12.19,100,"['@', 'F']",86,C,CHI
2022-05-06 14:16:57.002595584+00:00,P,12.19,36,"['@', 'F', 'I']",87,C,CHI
2022-05-06 14:16:57.002698+00:00,K,12.2,200,['@'],23,C,CHI
2022-05-06 14:16:57.002812416+00:00,P,12.19,48,"['@', 'F', 'I']",88,C,CHI
2022-05-06 14:16:57.002835968+00:00,P,12.19,16,"['@', 'F', 'I']",89,C,CHI
2022-05-06 14:16:57.002835968+00:00,P,12.19,8,"['@', 'F', 'I']",90,C,CHI
2022-05-06 14:16:57.002878464+00:00,P,12.19,72,"['@', 'F', 'I']",91,C,CHI
2022-05-06 14:16:57.002932992+00:00,P,12.19,20,"['@', 'F', 'I']",92,C,CHI
2022-05-06 14:16:57.002932992+00:00,P,12.19,28,"['@', 'F', 'I']",93,C,CHI
2022-05-06 14:16:57.002937600+00:00,P,12.19,24,"['@', 'F', 'I']",94,C,CHI
2022-05-06 14:16:57.003032064+00:00,P,12.19,43,"['@', 'F', 'I']",95,C,CHI
2022-05-06 14:16:57.003254+00:00,D,12.19,50,"['@', 'I']",33,C,CHI
2022-05-06 14:16:57.003999232+00:00,P,12.19,5,"['@', 'F', 'I']",96,C,CHI
2022-05-06 14:16:57.003999232+00:00,P,12.19,100,"['@', 'F']",97,C,CHI
2022-05-06 14:16:57.003999232+00:00,P,12.19,700,"['@', 'F']",98,C,CHI
2022-05-06 14:16:57.096091845+00:00,Q,12.18,400,['@'],90,C,CHI
2022-05-06 14:17:12.158505071+00:00,Q,12.18,125,['@'],91,C,CHI
2022-05-06 14:17:12.159000+00:00,D,12.1895,125,['@'],34,C,CHI
2022-05-06 14:17:12.161032215+00:00,Q,12.18,75,"['@', 'F', 'I']",92,C,CHI
2022-05-06 14:17:12.163000+00:00,D,12.1895,75,"['@', 'I']",35,C,CHI
2022-05-06 14:17:32.331000+00:00,D,12.1801,1300,['@'],11,C,CHI
2022-05-06 14:18:18.793000+00:00,D,12.1976,15,"['@', 'I']",36,C,CHI
2022-05-06 14:21:47.425248+00:00,D,12.23,50,"['@', 'I']",38,C,CHI
2022-05-06 14:21:47.425289+00:00,D,12.23,50,"['@', 'I']",37,C,CHI
2022-05-06 14:24:45.892035+00:00,D,12.25,100,['@'],39,C,CHI
2022-05-06 14:26:30.919532784+00:00,D,12.1864,78,"['@', 'I']",40,C,CHI
2022-05-06 14:28:09.539260416+00:00,P,12.25,825,['@'],99,C,CHI
2022-05-06 14:28:09.540735+00:00,D,12.22,1175,['@'],41,C,CHI
2022-05-06 14:30:10.843663+00:00,D,12.24,100,['@'],42,C,CHI
2022-05-06 14:33:39.374110+00:00,K,12.23,100,['@'],24,C,CHI
2022-05-06 14:33:39.374219653+00:00,Q,12.23,100,['@'],93,C,CHI
2022-05-06 14:33:39.374430516+00:00,V,12.23,100,['@'],11,C,CHI
2022-05-06 14:33:39.377977+00:00,K,12.24,1800,"['@', 'F']",25,C,CHI
2022-05-06 14:33:39.377977+00:00,K,12.24,600,"['@', 'F']",26,C,CHI
2022-05-06 14:33:39.377977+00:00,K,12.24,300,"['@', 'F']",27,C,CHI
2022-05-06 14:33:39.378345+00:00,Z,12.26,150,"['@', 'F']",13,C,CHI
2022-05-06 14:34:35.186480496+00:00,D,12.235,507,['@'],43,C,CHI
2022-05-06 14:35:32.575000+00:00,D,12.2499,100,['@'],44,C,CHI
2022-05-06 14:35:32.587843+00:00,D,12.25,100,['@'],48,C,CHI
2022-05-06 14:35:32.589000+00:00,D,12.2492,100,['@'],46,C,CHI
2022-05-06 14:35:32.589539+00:00,D,12.25,100,['@'],45,C,CHI
2022-05-06 14:35:32.590000+00:00,D,12.2492,100,['@'],47,C,CHI
2022-05-06 14:35:32.590040948+00:00,D,12.25,100,['@'],12,C,CHI
2022-05-06 14:35:32.590921+00:00,Z,12.25,300,"['@', 'F']",14,C,CHI
2022-05-06 14:35:32.591000+00:00,D,12.2492,100,['@'],49,C,CHI
2022-05-06 14:35:32.592000+00:00,D,12.2492,300,['@'],50,C,CHI
2022-05-06 14:35:33.546773674+00:00,U,12.26,167,['@'],4,C,CHI
2022-05-06 14:35:59.535708822+00:00,Q,12.26,200,['@'],94,C,CHI
2022-05-06 14:35:59.536000+00:00,D,12.2505,200,['@'],51,C,CHI
2022-05-06 14:35:59.536514+00:00,K,12.26,200,['@'],28,C,CHI
2022-05-06 14:35:59.539989862+00:00,Q,12.26,100,"['@', 'F']",95,C,CHI
2022-05-06 14:35:59.540000+00:00,D,12.2505,200,['@'],52,C,CHI
2022-05-06 14:35:59.543000+00:00,D,12.2505,100,['@'],53,C,CHI
2022-05-06 14:36:04.370592332+00:00,Q,12.26,100,"['@', 'F']",96,C,CHI
2022-05-06 14:36:04.600000+00:00,D,12.26,100,['@'],54,C,CHI
2022-05-06 14:36:09.694132549+00:00,D,12.25,100,['@'],13,C,CHI
2022-05-06 14:36:13.455559137+00:00,Q,12.26,100,"['@', 'F']",97,C,CHI
2022-05-06 14:36:14.467115308+00:00,Q,12.26,100,"['@', 'F']",98,C,CHI
2022-05-06 14:36:19.847997879+00:00,D,12.25,100,['@'],55,C,CHI
2022-05-06 14:36:33.544032531+00:00,Q,12.26,100,"['@', 'F']",99,C,CHI
2022-05-06 14:36:40.906690155+00:00,Q,12.255,100,['@'],100,C,CHI
2022-05-06 14:36:40.909155693+00:00,Q,12.25,100,['@'],101,C,CHI
2022-05-06 14:36:40.909155693+00:00,Q,12.25,200,['@'],102,C,CHI
2022-05-06 14:36:40.909155693+00:00,Q,12.25,100,['@'],103,C,CHI
2022-05-06 14:36:40.909234790+00:00,Q,12.25,42,"['@', 'I']",104,C,CHI
2022-05-06 14:36:45.207911+00:00,K,12.255,100,['@'],29,C,CHI
2022-05-06 14:36:45.209000+00:00,D,12.2506,100,['@'],56,C,CHI
2022-05-06 14:36:45.454394+00:00,D,12.25,25,"['@', 'I']",57,C,CHI
2022-05-06 14:36:45.455000+00:00,D,12.25,25,"['@', 'I']",58,C,CHI
2022-05-06 14:36:45.458774+00:00,D,12.25,50,"['@', 'I']",59,C,CHI
2022-05-06 14:36:45.485202354+00:00,Q,12.25,58,"['@', 'F', 'I']",105,C,CHI
2022-05-06 14:36:45.485202354+00:00,Q,12.25,42,"['@', 'F', 'I']",106,C,CHI
2022-05-06 14:37:06.274673920+00:00,P,12.25,2000,"['@', 'F']",100,C,CHI
2022-05-06 14:37:06.274723328+00:00,P,12.25,100,['@'],101,C,CHI
2022-05-06 14:37:06.274871+00:00,K,12.25,100,['@'],30,C,CHI
2022-05-06 14:37:06.274903260+00:00,Q,12.25,51,"['@', 'I']",107,C,CHI
2022-05-06 14:37:06.274903260+00:00,Q,12.25,100,['@'],108,C,CHI
2022-05-06 14:37:06.276000+00:00,D,12.2492,2000,['@'],60,C,CHI
2022-05-06 14:37:06.276000+00:00,D,12.2492,100,['@'],61,C,CHI
2022-05-06 14:38:20.402000+00:00,D,12.215,200,['@'],62,C,CHI
2022-05-06 14:40:59.742349835+00:00,Q,12.23,100,['@'],109,C,CHI
2022-05-06 14:40:59.742388039+00:00,Q,12.23,83,"['@', 'I']",110,C,CHI
2022-05-06 14:41:01.762577408+00:00,P,12.23,160,"['@', 'F']",102,C,CHI
2022-05-06 14:41:01.762587904+00:00,P,12.23,64,"['@', 'F', 'I']",103,C,CHI
2022-05-06 14:41:01.762665728+00:00,P,12.23,100,['@'],104,C,CHI
2022-05-06 14:43:48.685000+00:00,D,12.235,100,['@'],63,C,CHI
2022-05-06 14:44:43.888000+00:00,D,12.235,100,['@'],64,C,CHI
2022-05-06 14:45:27.137716224+00:00,P,12.23,272,['@'],105,C,CHI
2022-05-06 14:45:27.137740800+00:00,P,12.23,100,['@'],106,C,CHI
2022-05-06 14:45:27.137768704+00:00,P,12.23,32,"['@', 'F', 'I']",107,C,CHI
2022-05-06 14:45:27.137777408+00:00,P,12.23,172,['@'],108,C,CHI
2022-05-06 14:45:33.172030182+00:00,Q,12.23,900,"['@', 'F']",111,C,CHI
2022-05-06 14:46:10.600000+00:00,D,12.21,6,"['@', 'I']",65,C,CHI
2022-05-06 14:46:10.604000+00:00,D,12.21,1,"['@', 'I']",66,C,CHI
2022-05-06 14:46:41.098270227+00:00,D,12.265,100,['@'],67,C,CHI
2022-05-06 14:46:41.628194560+00:00,P,12.25,25,"['@', 'I']",109,C,CHI
2022-05-06 14:46:53.699377598+00:00,X,12.25,240,"['@', 'F']",4,C,CHI
2022-05-06 14:46:53.699404453+00:00,X,12.25,24,"['@', 'F', 'I']",5,C,CHI
2022-05-06 14:47:35.491248128+00:00,P,12.24,100,['@'],110,C,CHI
2022-05-06 14:47:35.492892928+00:00,P,12.24,800,"['@', 'F']",111,C,CHI
2022-05-06 14:48:37.345242624+00:00,P,12.25,100,"['@', 'F']",112,C,CHI
2022-05-06 14:50:32.392123+00:00,K,12.25,300,"['@', 'F']",31,C,CHI
2022-05-06 14:54:00.076368+00:00,K,12.25,100,"['@', 'F']",32,C,CHI
2022-05-06 14:55:18.789262+00:00,K,12.25,300,['@'],33,C,CHI
2022-05-06 14:55:45.253917819+00:00,D,12.21,100,['@'],68,C,CHI
2022-05-06 14:55:51.766220+00:00,K,12.25,33,"['@', 'F', 'I']",34,C,CHI
2022-05-06 14:56:31.172000+00:00,D,12.2312,100,['@'],14,C,CHI
2022-05-06 14:57:32.827529+00:00,D,12.25,100,['@'],69,C,CHI
2022-05-06 14:57:32.827550+00:00,K,12.25,800,"['@', 'F']",35,C,CHI
2022-05-06 14:57:32.827591193+00:00,Q,12.25,800,"['@', 'F']",112,C,CHI
2022-05-06 14:57:32.827613963+00:00,X,12.25,200,"['@', 'F']",6,C,CHI
2022-05-06 14:57:32.827669+00:00,K,12.25,99,"['@', 'I']",36,C,CHI
2022-05-06 14:57:32.827802274+00:00,X,12.25,36,"['@', 'F', 'I']",7,C,CHI
2022-05-06 14:57:32.829486262+00:00,Q,12.26,900,"['@', 'F']",113,C,CHI
2022-05-06 14:57:33.834491136+00:00,P,12.26,900,"['@', 'F']",113,C,CHI
2022-05-06 14:57:40.946926336+00:00,P,12.26,600,"['@', 'F']",114,C,CHI
2022-05-06 14:57:40.946933760+00:00,P,12.26,300,"['@', 'F']",115,C,CHI
2022-05-06 14:57:41.014548213+00:00,Q,12.27,100,"['@', 'F']",114,C,CHI
2022-05-06 14:58:11.753000+00:00,D,12.2401,1000,['@'],70,C,CHI
2022-05-06 14:58:25.551464362+00:00,Q,12.26,100,"['@', 'F']",115,C,CHI
2022-05-06 14:58:34.102424179+00:00,D,12.27,50,"['@', 'I']",71,C,CHI
2022-05-06 14:58:47.031000+00:00,D,12.2579,300,['@'],72,C,CHI
2022-05-06 14:59:07.692000+00:00,D,12.2411,100,['@'],73,C,CHI
2022-05-06 14:59:20.345821440+00:00,P,12.28,100,"['@', 'F']",116,C,CHI
2022-05-06 14:59:44.248559872+00:00,P,12.28,60,"['@', 'F', 'I']",117,C,CHI
2022-05-06 15:00:29.155757506+00:00,D,12.24,100,['@'],74,C,CHI
2022-05-06 15:05:19.160725905+00:00,D,12.26,1300,['@'],75,C,CHI
2022-05-06 15:07:06.223000+00:00,D,12.2899,2927,['@'],76,C,CHI
2022-05-06 15:09:51.544000+00:00,D,12.265,4,"['@', 'I']",77,C,CHI
2022-05-06 15:12:18.489851492+00:00,Q,12.24,100,"['@', 'F']",116,C,CHI
2022-05-06 15:12:18.489851492+00:00,Q,12.24,71,"['@', 'F', 'I']",117,C,CHI
2022-05-06 15:12:18.489851492+00:00,Q,12.24,100,"['@', 'F']",118,C,CHI
2022-05-06 15:12:18.489851492+00:00,Q,12.24,33,"['@', 'F', 'I']",119,C,CHI
2022-05-06 15:12:18.489902848+00:00,P,12.24,100,"['@', 'F']",118,C,CHI
2022-05-06 15:12:18.489912576+00:00,N,12.24,100,"['@', 'F']",1,C,CHI
2022-05-06 15:12:18.489994+00:00,K,12.25,200,['@'],37,C,CHI
2022-05-06 15:12:18.490093+00:00,K,12.25,11,"['@', 'I']",38,C,CHI
2022-05-06 15:12:18.490126+00:00,K,12.25,38,"['@', 'F', 'I']",39,C,CHI
2022-05-06 15:12:18.490218+00:00,K,12.25,38,"['@', 'F', 'I']",40,C,CHI
2022-05-06 15:12:18.490308+00:00,K,12.25,38,"['@', 'F', 'I']",41,C,CHI
2022-05-06 15:12:18.490356480+00:00,P,12.24,11,"['@', 'F', 'I']",119,C,CHI
2022-05-06 15:12:18.490391+00:00,K,12.25,38,"['@', 'F', 'I']",42,C,CHI
2022-05-06 15:12:18.490482+00:00,K,12.25,38,"['@', 'F', 'I']",43,C,CHI
2022-05-06 15:12:18.490575+00:00,K,12.25,38,"['@', 'F', 'I']",44,C,CHI
2022-05-06 15:12:18.490628+00:00,K,12.25,61,"['@', 'F', 'I']",45,C,CHI
2022-05-06 15:12:18.490628+00:00,K,12.24,39,"['@', 'F', 'I']",46,C,CHI
2022-05-06 15:12:18.490964772+00:00,Q,12.24,100,"['@', 'F']",120,C,CHI
2022-05-06 15:12:18.490988032+00:00,Q,12.24,200,"['@', 'F']",121,C,CHI
2022-05-06 15:15:26.185087814+00:00,D,12.24,200,['@'],78,C,CHI
2022-05-06 15:17:17.783079835+00:00,X,12.26,400,"['@', 'F']",8,C,CHI
2022-05-06 15:17:17.784000+00:00,D,12.2392,400,['@'],79,C,CHI
2022-05-06 15:17:17.785000+00:00,D,12.235,600,['@'],80,C,CHI
2022-05-06 15:25:07.890000+00:00,D,12.2309,2838,['@'],81,C,CHI
2022-05-06 15:25:33.948026522+00:00,D,12.2492,1,"['@', 'I']",82,C,CHI
2022-05-06 15:26:06.736000+00:00,D,12.2597,100,['@'],15,C,CHI
2022-05-06 15:26:26.485447607+00:00,D,12.245,1,"['@', 'I']",83,C,CHI
2022-05-06 15:28:57.562130600+00:00,D,12.23,600,['@'],84,C,CHI
2022-05-06 15:32:38.718685360+00:00,X,12.26,100,"['@', 'F']",9,C,CHI
2022-05-06 15:35:13.906521+00:00,K,12.25,20,"['@', 'F', 'I']",47,C,CHI
2022-05-06 15:35:13.906553+00:00,K,12.25,100,['@'],48,C,CHI
2022-05-06 15:35:13.906902+00:00,K,12.25,20,"['@', 'F', 'I']",49,C,CHI
2022-05-06 15:35:13.906988+00:00,K,12.25,38,"['@', 'F', 'I']",50,C,CHI
2022-05-06 15:39:48.296802+00:00,K,12.23,100,"['@', 'F']",51,C,CHI
2022-05-06 15:39:48.296899+00:00,K,12.22,300,"['@', 'F']",52,C,CHI
2022-05-06 15:39:48.296920+00:00,K,12.22,94,"['@', 'F', 'I']",53,C,CHI
2022-05-06 15:39:48.297169769+00:00,Q,12.23,80,"['@', 'F', 'I']",122,C,CHI
2022-05-06 15:39:48.297170352+00:00,Q,12.23,20,"['@', 'F', 'I']",123,C,CHI
2022-05-06 15:39:48.297170352+00:00,Q,12.23,52,"['@', 'F', 'I']",124,C,CHI
2022-05-06 15:39:48.297285755+00:00,Q,12.23,28,"['@', 'F', 'I']",125,C,CHI
2022-05-06 15:39:48.297285755+00:00,Q,12.23,100,"['@', 'F']",126,C,CHI
2022-05-06 15:39:48.297285755+00:00,Q,12.23,100,"['@', 'F']",127,C,CHI
2022-05-06 15:39:48.297340+00:00,K,12.23,100,"['@', 'F']",54,C,CHI
2022-05-06 15:39:48.300196020+00:00,Q,12.23,24,"['@', 'F', 'I']",128,C,CHI
2022-05-06 15:39:48.300475690+00:00,Q,12.23,76,"['@', 'F', 'I']",129,C,CHI
2022-05-06 15:42:37.212785535+00:00,D,12.235,40,"['@', 'I']",85,C,CHI
2022-05-06 15:44:46.375445+00:00,D,12.25,25,"['@', 'I']",86,C,CHI
2022-05-06 15:44:46.375460+00:00,K,12.25,1370,"['@', 'F']",55,C,CHI
2022-05-06 15:44:46.375519+00:00,K,12.25,30,"['@', 'I']",56,C,CHI
2022-05-06 15:45:05.333568922+00:00,H,12.23,1,"['@', 'F', 'I']",1,C,CHI
2022-05-06 15:47:07.309403770+00:00,D,12.2171,100,['@'],87,C,CHI
2022-05-06 15:50:09.147000+00:00,D,12.2358,100,['@'],88,C,CHI
2022-05-06 15:50:11.193871388+00:00,D,12.235,750,['@'],89,C,CHI
2022-05-06 16:02:30.113000+00:00,D,12.235,1945,['@'],90,C,CHI
2022-05-06 16:02:48.577138514+00:00,Q,12.24,1,"['@', 'F', 'I']",130,C,CHI
2022-05-06 16:02:48.578000+00:00,D,12.24,29,"['@', 'I']",91,C,CHI
2022-05-06 16:03:46.901513216+00:00,P,12.25,32,"['@', 'F', 'I']",120,C,CHI
2022-05-06 16:03:46.901524736+00:00,P,12.25,64,"['@', 'F', 'I']",121,C,CHI
2022-05-06 16:03:46.901525248+00:00,P,12.25,41,"['@', 'F', 'I']",122,C,CHI
2022-05-06 16:03:46.901579520+00:00,P,12.25,50,"['@', 'I']",123,C,CHI
2022-05-06 16:03:46.901588480+00:00,P,12.25,713,['@'],124,C,CHI
2022-05-06 16:03:46.901760727+00:00,Q,12.25,10,"['@', 'I']",131,C,CHI
2022-05-06 16:05:36.964401+00:00,D,12.245,450,['@'],92,C,CHI
2022-05-06 16:06:06.678330719+00:00,Q,12.25,100,['@'],132,C,CHI
2022-05-06 16:06:06.678437723+00:00,Q,12.25,100,['@'],133,C,CHI
2022-05-06 16:06:40.887000+00:00,D,12.2535,625,['@'],93,C,CHI
2022-05-06 16:07:12.612056064+00:00,P,12.26,900,"['@', 'F']",125,C,CHI
2022-05-06 16:07:12.612065003+00:00,X,12.26,700,"['@', 'F']",10,C,CHI
2022-05-06 16:07:12.612128722+00:00,X,12.26,24,"['@', 'F', 'I']",11,C,CHI
2022-05-06 16:07:12.612289859+00:00,X,12.26,676,['@'],12,C,CHI
2022-05-06 16:07:12.612376770+00:00,X,12.26,600,"['@', 'F']",13,C,CHI
2022-05-06 16:07:12.634414404+00:00,Q,12.26,24,"['@', 'F', 'I']",134,C,CHI
2022-05-06 16:09:54.128718592+00:00,N,12.25,27,"['@', 'F', 'I']",2,C,CHI
2022-05-06 16:09:54.128744323+00:00,Q,12.25,68,"['@', 'F', 'I']",135,C,CHI
2022-05-06 16:14:55.303771+00:00,D,12.26,50,"['@', 'I']",94,C,CHI
2022-05-06 16:14:55.303814+00:00,D,12.26,50,"['@', 'I']",95,C,CHI
2022-05-06 16:16:45.965122626+00:00,D,12.2221,1,"['@', 'I']",96,C,CHI
2022-05-06 16:18:55.198018809+00:00,D,12.21,1,"['@', 'I']",16,C,CHI
2022-05-06 16:20:19.608947+00:00,D,12.25,100,['@'],97,C,CHI
2022-05-06 16:20:19.611403+00:00,Z,12.26,100,['@'],15,C,CHI
2022-05-06 16:20:19.611404+00:00,J,12.26,100,['@'],3,C,CHI
2022-05-06 16:20:19.611405+00:00,Y,12.26,100,['@'],2,C,CHI
2022-05-06 16:20:19.611476303+00:00,Q,12.26,100,['@'],136,C,CHI
2022-05-06 16:20:19.611583488+00:00,P,12.26,100,['@'],126,C,CHI
2022-05-06 16:20:19.611586816+00:00,N,12.26,100,['@'],3,C,CHI
2022-05-06 16:20:19.611756819+00:00,V,12.26,100,['@'],12,C,CHI
2022-05-06 16:20:19.612191+00:00,D,12.2524,100,['@'],17,C,CHI
2022-05-06 16:20:19.612380+00:00,D,12.2521,100,['@'],18,C,CHI
2022-05-06 16:20:19.612535+00:00,D,12.2518,100,['@'],19,C,CHI
2022-05-06 16:20:19.612683+00:00,D,12.2515,100,['@'],20,C,CHI
2022-05-06 16:20:19.612831+00:00,D,12.2512,100,['@'],21,C,CHI
2022-05-06 16:20:19.612981+00:00,D,12.2509,100,['@'],22,C,CHI
2022-05-06 16:20:19.613229+00:00,D,12.2507,100,['@'],23,C,CHI
2022-05-06 16:20:19.635101427+00:00,D,12.27,100,['@'],24,C,CHI
2022-05-06 16:20:19.635762+00:00,D,12.2505,100,['@'],25,C,CHI
2022-05-06 16:20:19.640294540+00:00,X,12.27,500,['@'],14,C,CHI
2022-05-06 16:20:19.640294540+00:00,X,12.27,120,['@'],15,C,CHI
2022-05-06 16:20:19.640565913+00:00,V,12.27,100,['@'],13,C,CHI
2022-05-06 16:20:19.641030+00:00,D,12.2503,500,['@'],26,C,CHI
2022-05-06 16:20:19.641207+00:00,D,12.2492,120,['@'],27,C,CHI
2022-05-06 16:20:19.641358+00:00,D,12.2491,100,['@'],28,C,CHI
2022-05-06 16:24:14.438000+00:00,D,12.27,400,['@'],98,C,CHI
2022-05-06 16:27:31.051000+00:00,D,12.235,1500,['@'],99,C,CHI
2022-05-06 16:28:23.624101+00:00,D,12.27,100,['@'],100,C,CHI
2022-05-06 16:32:03.613620971+00:00,D,12.2162,500,['@'],101,C,CHI
2022-05-06 16:34:17.789166592+00:00,P,12.26,100,['@'],127,C,CHI
2022-05-06 16:34:17.789266688+00:00,P,12.26,100,['@'],128,C,CHI
2022-05-06 16:34:17.789347840+00:00,P,12.26,100,['@'],129,C,CHI
2022-05-06 16:34:17.789424384+00:00,P,12.26,100,['@'],130,C,CHI
2022-05-06 16:34:17.789441536+00:00,P,12.26,476,['@'],131,C,CHI
2022-05-06 16:34:17.791866260+00:00,X,12.27,100,"['@', 'F']",16,C,CHI
2022-05-06 16:34:54.027261801+00:00,Q,12.27,100,"['@', 'F']",137,C,CHI
2022-05-06 16:35:51.841000+00:00,D,12.2695,802,['@'],102,C,CHI
2022-05-06 16:37:20.259367697+00:00,D,12.245,100,['@'],103,C,CHI
2022-05-06 16:37:23.041813+00:00,D,12.27,200,['@'],104,C,CHI
2022-05-06 16:37:23.041908320+00:00,B,12.27,300,['@'],1,C,CHI
2022-05-06 16:37:23.042783572+00:00,D,12.27,364,['@'],105,C,CHI
2022-05-06 16:37:23.043379200+00:00,P,12.27,500,['@'],132,C,CHI
2022-05-06 16:37:23.043884544+00:00,P,12.27,500,['@'],133,C,CHI
2022-05-06 16:37:23.044271+00:00,Z,12.27,800,"['@', 'F']",16,C,CHI
2022-05-06 16:37:23.044404195+00:00,X,12.27,280,"['@', 'F']",17,C,CHI
2022-05-06 16:37:23.044404195+00:00,X,12.27,400,"['@', 'F']",18,C,CHI
2022-05-06 16:37:23.044626140+00:00,V,12.27,200,['@'],14,C,CHI
2022-05-06 16:37:23.046760841+00:00,B,12.3,100,['@'],2,C,CHI
2022-05-06 16:37:23.046822144+00:00,C,12.3,100,['@'],1,C,CHI
2022-05-06 16:37:23.046822144+00:00,C,12.3,56,"['@', 'I']",2,C,CHI
2022-05-06 16:37:23.048000+00:00,D,12.28,5300,['@'],106,C,CHI
2022-05-06 16:37:23.049000+00:00,D,12.28,900,['@'],107,C,CHI
2022-05-06 16:42:38.499103+00:00,D,12.25,300,['@'],108,C,CHI
2022-05-06 16:43:19.210000+00:00,D,12.239,102,['@'],109,C,CHI
2022-05-06 16:43:19.211000+00:00,D,12.239,100,['@'],110,C,CHI
2022-05-06 16:43:19.211000+00:00,D,12.239,22,"['@', 'I']",111,C,CHI
2022-05-06 16:43:19.212000+00:00,D,12.2303,1300,['@'],112,C,CHI
2022-05-06 16:43:22.305485770+00:00,U,12.25,300,"['@', 'F']",5,C,CHI
2022-05-06 16:43:22.305501387+00:00,U,12.25,600,"['@', 'F']",6,C,CHI
2022-05-06 16:43:26.761000+00:00,D,12.265,10,"['@', 'I']",113,C,CHI
2022-05-06 16:43:30.758005102+00:00,D,12.28,1,"['@', 'I']",114,C,CHI
2022-05-06 16:43:51.464852+00:00,D,12.31,100,['@'],115,C,CHI
2022-05-06 16:45:40.581353508+00:00,D,12.288,500,['@'],116,C,CHI
2022-05-06 16:46:04.232529026+00:00,D,12.28,15,"['@', 'I']",117,C,CHI
2022-05-06 16:51:42.734000+00:00,D,12.2544,70,"['@', 'I']",118,C,CHI
2022-05-06 16:52:09.145423633+00:00,Q,12.28,60,"['@', 'F', 'I']",138,C,CHI
2022-05-06 16:52:09.145433344+00:00,P,12.27,40,"['@', 'F', 'I']",134,C,CHI
2022-05-06 16:53:48.711512+00:00,D,12.265,500,['@'],120,C,CHI
2022-05-06 16:53:48.711822+00:00,D,12.265,400,['@'],119,C,CHI
2022-05-06 16:54:22.663202171+00:00,V,12.265,100,['@'],15,C,CHI
2022-05-06 16:54:22.663663+00:00,K,12.265,100,['@'],57,C,CHI
2022-05-06 16:54:22.663710147+00:00,Q,12.265,5,"['@', 'I']",139,C,CHI
2022-05-06 16:54:22.664089+00:00,K,12.265,100,['@'],58,C,CHI
2022-05-06 16:54:22.664138761+00:00,Q,12.265,100,['@'],140,C,CHI
2022-05-06 16:54:22.664923780+00:00,Q,12.265,100,['@'],141,C,CHI
2022-05-06 16:54:22.665000+00:00,D,12.241,3100,['@'],121,C,CHI
2022-05-06 16:54:51.533834+00:00,J,12.25,100,['@'],4,C,CHI
2022-05-06 16:54:51.533834+00:00,J,12.24,2,"['@', 'I']",5,C,CHI
2022-05-06 16:54:51.533904+00:00,D,12.25,100,['@'],122,C,CHI
2022-05-06 16:54:51.533906+00:00,D,12.24,100,['@'],124,C,CHI
2022-05-06 16:54:51.533907+00:00,D,12.24,200,['@'],125,C,CHI
2022-05-06 16:54:51.534000+00:00,D,12.2402,400,['@'],126,C,CHI
2022-05-06 16:54:51.534027718+00:00,Q,12.25,100,['@'],142,C,CHI
2022-05-06 16:54:51.534027718+00:00,Q,12.24,39,"['@', 'I']",143,C,CHI
2022-05-06 16:54:51.534027718+00:00,Q,12.24,1,"['@', 'I']",144,C,CHI
2022-05-06 16:54:51.534027718+00:00,Q,12.24,11,"['@', 'I']",145,C,CHI
2022-05-06 16:54:51.534027718+00:00,Q,12.24,100,['@'],146,C,CHI
2022-05-06 16:54:51.534027718+00:00,Q,12.24,317,['@'],147,C,CHI
2022-05-06 16:54:51.535063744+00:00,D,12.265,530,['@'],123,C,CHI
2022-05-06 16:59:19.020843+00:00,D,12.29,100,['@'],127,C,CHI
2022-05-06 16:59:44.922800929+00:00,Q,12.28,7,"['@', 'F', 'I']",148,C,CHI
2022-05-06 17:01:02.131752839+00:00,D,12.24,100,['@'],128,C,CHI
2022-05-06 17:04:01.622966638+00:00,D,12.24,19,"['@', 'I']",129,C,CHI
2022-05-06 17:04:57.602258+00:00,D,12.25,100,['@'],130,C,CHI
2022-05-06 17:05:41.915837695+00:00,D,12.28,30,"['@', 'I']",131,C,CHI
2022-05-06 17:10:10.363110810+00:00,D,12.2467,600,['@'],132,C,CHI
2022-05-06 17:18:43.439370351+00:00,Q,12.25,95,"['@', 'I']",149,C,CHI
2022-05-06 17:18:43.439370351+00:00,Q,12.24,5,"['@', 'I']",150,C,CHI
2022-05-06 17:19:14.478000+00:00,D,12.252,1000,['@'],133,C,CHI
2022-05-06 17:22:15.321296+00:00,D,12.255,1000,['@'],134,C,CHI
2022-05-06 17:22:15.321323+00:00,D,12.255,1000,['@'],139,C,CHI
2022-05-06 17:22:15.321368+00:00,D,12.255,500,['@'],140,C,CHI
2022-05-06 17:22:15.324318+00:00,D,12.259,200,['@'],135,C,CHI
2022-05-06 17:22:15.324714+00:00,D,12.259,2100,['@'],136,C,CHI
2022-05-06 17:22:15.327000+00:00,D,12.27,200,['@'],138,C,CHI
2022-05-06 17:22:15.328257503+00:00,D,12.2699,200,['@'],137,C,CHI
2022-05-06 17:22:27.932000+00:00,D,12.2697,260,['@'],141,C,CHI
2022-05-06 17:25:24.327000+00:00,D,12.26,200,['@'],142,C,CHI
2022-05-06 17:25:24.328518+00:00,D,12.26,300,['@'],143,C,CHI
2022-05-06 17:25:24.328855+00:00,D,12.26,300,['@'],144,C,CHI
2022-05-06 17:25:24.333269382+00:00,Q,12.26,5,"['@', 'I']",151,C,CHI
2022-05-06 17:25:24.334673424+00:00,U,12.25,95,"['@', 'F', 'I']",7,C,CHI
2022-05-06 17:25:24.337390+00:00,D,12.25,25,"['@', 'I']",145,C,CHI
2022-05-06 17:25:24.338000+00:00,D,12.25,75,"['@', 'I']",146,C,CHI
2022-05-06 17:27:40.345935203+00:00,V,12.28,100,['@'],16,C,CHI
2022-05-06 17:28:52.129790+00:00,K,12.27,1,"['@', 'F', 'I']",59,C,CHI
2022-05-06 17:33:36.834000+00:00,D,12.265,815,['@'],147,C,CHI
2022-05-06 17:33:36.839029247+00:00,Q,12.25,100,"['@', 'F']",152,C,CHI
2022-05-06 17:36:34.785000+00:00,D,12.2514,1199,['@'],149,C,CHI
2022-05-06 17:36:34.787166+00:00,D,12.2609,201,['@'],148,C,CHI
2022-05-06 17:37:20.329528812+00:00,Q,12.25,200,"['@', 'F']",153,C,CHI
2022-05-06 17:37:20.329837+00:00,D,12.25,27,"['@', 'I']",150,C,CHI
2022-05-06 17:37:20.329932+00:00,K,12.24,500,"['@', 'F']",60,C,CHI
2022-05-06 17:37:20.330060393+00:00,Q,12.24,295,"['@', 'F']",154,C,CHI
2022-05-06 17:37:20.330060393+00:00,Q,12.24,105,"['@', 'F']",155,C,CHI
2022-05-06 17:37:20.330077777+00:00,Q,12.24,24,"['@', 'F', 'I']",156,C,CHI
2022-05-06 17:37:20.330082376+00:00,Q,12.24,171,"['@', 'F']",157,C,CHI
2022-05-06 17:37:44.970904520+00:00,Q,12.23,100,['@'],158,C,CHI
2022-05-06 17:37:44.970942193+00:00,Q,12.23,24,"['@', 'F', 'I']",159,C,CHI
2022-05-06 17:37:44.973898+00:00,K,12.23,256,"['@', 'F']",61,C,CHI
2022-05-06 17:37:44.973948+00:00,K,12.23,44,"['@', 'F', 'I']",62,C,CHI
2022-05-06 17:37:44.974133468+00:00,Q,12.23,3,"['@', 'F', 'I']",160,C,CHI
2022-05-06 17:40:25.037262674+00:00,D,12.2113,25,"['@', 'I']",151,C,CHI
2022-05-06 17:42:14.410000+00:00,D,12.2185,40,"['@', 'I']",152,C,CHI
2022-05-06 17:42:14.418043794+00:00,D,12.2191,1,"['@', 'I']",153,C,CHI
2022-05-06 17:42:14.420000+00:00,D,12.2191,1,"['@', 'I']",154,C,CHI
2022-05-06 17:42:51.212036661+00:00,D,12.2193,20,"['@', 'I']",155,C,CHI
2022-05-06 17:42:51.215000+00:00,D,12.23,1,"['@', 'I']",156,C,CHI
2022-05-06 17:46:39.621977+00:00,K,12.23,358,['@'],63,C,CHI
2022-05-06 17:46:39.621988435+00:00,H,12.23,100,['@'],2,C,CHI
2022-05-06 17:46:39.622081724+00:00,Q,12.23,10,"['@', 'I']",161,C,CHI
2022-05-06 17:46:39.622081724+00:00,Q,12.23,100,['@'],162,C,CHI
2022-05-06 17:46:39.622265058+00:00,V,12.23,100,['@'],17,C,CHI
2022-05-06 17:46:39.622956646+00:00,D,12.25,982,['@'],157,C,CHI
2022-05-06 17:52:37.963000+00:00,D,12.2402,2752,['@'],158,C,CHI
2022-05-06 17:54:27.011184+00:00,D,12.22,25,"['@', 'I']",159,C,CHI
2022-05-06 17:54:27.013146624+00:00,N,12.22,100,"['@', 'F']",4,C,CHI
2022-05-06 17:54:27.013149+00:00,K,12.22,100,"['@', 'F']",64,C,CHI
2022-05-06 17:54:27.013244295+00:00,Q,12.22,100,"['@', 'F']",163,C,CHI
2022-05-06 17:54:27.013245952+00:00,P,12.22,81,"['@', 'F', 'I']",135,C,CHI
2022-05-06 17:58:33.585000+00:00,D,12.2101,273,['@'],160,C,CHI
2022-05-06 17:58:43.096983398+00:00,D,12.225,423,['@'],161,C,CHI
2022-05-06 18:00:58.109000+00:00,D,12.2102,38,"['@', 'I']",162,C,CHI
2022-05-06 18:05:50.581725+00:00,D,12.2,50,"['@', 'I']",164,C,CHI
2022-05-06 18:05:50.582648+00:00,D,12.2,25,"['@', 'I']",163,C,CHI
2022-05-06 18:05:50.592767438+00:00,Q,12.2,100,"['@', 'F']",165,C,CHI
2022-05-06 18:05:50.594000+00:00,D,12.19,75,"['@', 'F', 'I']",165,C,CHI
2022-05-06 18:05:50.604000+00:00,D,12.19,125,['@'],166,C,CHI
2022-05-06 18:06:40.468000+00:00,D,12.205,500,['@'],170,C,CHI
2022-05-06 18:06:40.474000+00:00,D,12.205,1000,['@'],169,C,CHI
2022-05-06 18:06:40.683383+00:00,D,12.205,118,['@'],168,C,CHI
2022-05-06 18:06:40.685496340+00:00,Q,12.205,128,['@'],166,C,CHI
2022-05-06 18:06:40.685950143+00:00,D,12.207,704,['@'],167,C,CHI
2022-05-06 18:08:04.810580571+00:00,U,12.2,167,['@'],8,C,CHI
2022-05-06 18:08:04.812517+00:00,K,12.2,100,['@'],65,C,CHI
2022-05-06 18:10:21.905159435+00:00,Q,12.2,100,['@'],167,C,CHI
2022-05-06 18:10:21.905159435+00:00,Q,12.2,100,['@'],168,C,CHI
2022-05-06 18:10:21.905299+00:00,K,12.21,100,['@'],66,C,CHI
2022-05-06 18:11:15.369000+00:00,D,12.2,1087,['@'],171,C,CHI
2022-05-06 18:11:15.373000+00:00,D,12.19,1,"['@', 'I']",173,C,CHI
2022-05-06 18:11:15.378829898+00:00,D,12.21,1,"['@', 'I']",172,C,CHI
2022-05-06 18:11:57.436708980+00:00,Q,12.21,136,"['@', 'F']",169,C,CHI
2022-05-06 18:11:57.436726749+00:00,Q,12.21,48,"['@', 'F', 'I']",170,C,CHI
2022-05-06 18:11:57.436730192+00:00,Q,12.21,16,"['@', 'F', 'I']",171,C,CHI
2022-05-06 18:11:57.436730192+00:00,Q,12.21,48,"['@', 'F', 'I']",172,C,CHI
2022-05-06 18:11:57.436744808+00:00,Q,12.21,32,"['@', 'F', 'I']",173,C,CHI
2022-05-06 18:11:57.436749685+00:00,Q,12.21,32,"['@', 'F', 'I']",174,C,CHI
2022-05-06 18:11:57.436757351+00:00,Q,12.21,8,"['@', 'F', 'I']",175,C,CHI
2022-05-06 18:11:57.436764489+00:00,Q,12.21,64,"['@', 'F', 'I']",176,C,CHI
2022-05-06 18:11:57.436790586+00:00,Q,12.21,100,['@'],177,C,CHI
2022-05-06 18:11:57.436802113+00:00,Q,12.21,3,"['@', 'F', 'I']",178,C,CHI
2022-05-06 18:11:57.453723903+00:00,Q,12.21,3,"['@', 'I']",179,C,CHI
2022-05-06 18:19:08.222938499+00:00,D,12.21,178,['@'],174,C,CHI
2022-05-06 18:19:14.127000+00:00,D,12.21,73,"['@', 'I']",175,C,CHI
2022-05-06 18:19:35.138000+00:00,D,12.21,795,['@'],176,C,CHI
2022-05-06 18:22:14.234408+00:00,D,12.24,50,"['@', 'I']",177,C,CHI
2022-05-06 18:22:14.234450+00:00,D,12.24,50,"['@', 'I']",178,C,CHI
2022-05-06 18:22:14.336467310+00:00,Q,12.21,50,"['@', 'I']",180,C,CHI
2022-05-06 18:32:54.775000+00:00,D,12.1905,57,"['@', 'I']",179,C,CHI
2022-05-06 18:33:17.746000+00:00,D,12.222,200,['@'],180,C,CHI
2022-05-06 18:35:36.135771665+00:00,Q,12.21,1800,['@'],181,C,CHI
2022-05-06 18:35:36.136389971+00:00,Q,12.21,360,['@'],182,C,CHI
2022-05-06 18:35:36.137703+00:00,J,12.22,33,"['@', 'I']",6,C,CHI
2022-05-06 18:35:36.137728+00:00,Z,12.22,33,"['@', 'I']",17,C,CHI
2022-05-06 18:35:36.137782540+00:00,Q,12.22,500,['@'],183,C,CHI
2022-05-06 18:35:36.137782540+00:00,Q,12.22,100,['@'],184,C,CHI
2022-05-06 18:35:36.137782540+00:00,Q,12.22,33,"['@', 'I']",185,C,CHI
2022-05-06 18:35:36.137804+00:00,D,12.22,33,"['@', 'I']",181,C,CHI
2022-05-06 18:35:36.138025326+00:00,V,12.22,100,['@'],18,C,CHI
2022-05-06 18:35:36.138025326+00:00,V,12.22,33,"['@', 'I']",19,C,CHI
2022-05-06 18:35:36.140000+00:00,D,12.23,2975,['@'],183,C,CHI
2022-05-06 18:35:36.140617938+00:00,D,12.2299,2975,['@'],182,C,CHI
2022-05-06 18:35:50.623705+00:00,J,12.23,100,['@'],7,C,CHI
2022-05-06 18:35:50.623711946+00:00,U,12.22,63,"['@', 'I']",9,C,CHI
2022-05-06 18:35:50.624391+00:00,D,12.2295,100,['@'],29,C,CHI
2022-05-06 18:36:49.150758012+00:00,D,12.2238,205,['@'],184,C,CHI
2022-05-06 18:38:42.888000+00:00,D,12.215,500,['@'],185,C,CHI
2022-05-06 18:38:54.487580443+00:00,D,12.1947,490,['@'],186,C,CHI
2022-05-06 18:38:54.487641942+00:00,D,12.1947,13,"['@', 'I']",187,C,CHI
2022-05-06 18:41:58.096000+00:00,D,12.21,500,['@'],188,C,CHI
2022-05-06 18:44:07.919941230+00:00,Q,12.21,100,"['@', 'F']",186,C,CHI
2022-05-06 18:44:37.024000+00:00,D,12.2138,1300,['@'],30,C,CHI
2022-05-06 18:45:32.886000+00:00,D,12.2,200,['@'],189,C,CHI
2022-05-06 18:48:37.541255412+00:00,V,12.24,100,['@'],20,C,CHI
2022-05-06 18:49:26.413836284+00:00,Q,12.215,100,['@'],187,C,CHI
2022-05-06 18:49:27.429904042+00:00,Q,12.215,400,['@'],188,C,CHI
2022-05-06 18:49:27.429940042+00:00,Q,12.215,3,"['@', 'F', 'I']",189,C,CHI
2022-05-06 18:49:27.429991911+00:00,Q,12.215,3,"['@', 'F', 'I']",190,C,CHI
2022-05-06 18:49:27.430025951+00:00,Q,12.215,3,"['@', 'F', 'I']",191,C,CHI
2022-05-06 18:49:27.430058295+00:00,Q,12.215,3,"['@', 'F', 'I']",192,C,CHI
2022-05-06 18:49:27.430129386+00:00,Q,12.215,3,"['@', 'F', 'I']",193,C,CHI
2022-05-06 18:49:27.430163146+00:00,Q,12.215,3,"['@', 'F', 'I']",194,C,CHI
2022-05-06 18:49:27.430198809+00:00,Q,12.215,3,"['@', 'F', 'I']",195,C,CHI
2022-05-06 18:49:27.430231561+00:00,Q,12.215,3,"['@', 'F', 'I']",196,C,CHI
2022-05-06 18:49:27.430264055+00:00,Q,12.215,3,"['@', 'F', 'I']",197,C,CHI
2022-05-06 18:49:27.430297688+00:00,Q,12.215,3,"['@', 'F', 'I']",198,C,CHI
2022-05-06 18:49:27.430333418+00:00,Q,12.215,3,"['@', 'F', 'I']",199,C,CHI
2022-05-06 18:49:27.430368579+00:00,Q,12.215,3,"['@', 'F', 'I']",200,C,CHI
2022-05-06 18:49:27.430405388+00:00,Q,12.215,3,"['@', 'F', 'I']",201,C,CHI
2022-05-06 18:49:27.430439239+00:00,Q,12.215,3,"['@', 'F', 'I']",202,C,CHI
2022-05-06 18:49:27.430471996+00:00,Q,12.215,3,"['@', 'F', 'I']",203,C,CHI
2022-05-06 18:49:27.430505722+00:00,Q,12.215,3,"['@', 'F', 'I']",204,C,CHI
2022-05-06 18:49:27.431122899+00:00,Q,12.215,3,"['@', 'F', 'I']",205,C,CHI
2022-05-06 18:49:29.817871613+00:00,Q,12.215,300,['@'],206,C,CHI
2022-05-06 18:49:29.818000+00:00,D,12.2198,300,['@'],190,C,CHI
2022-05-06 18:50:03.880364423+00:00,Q,12.22,100,['@'],207,C,CHI
2022-05-06 18:50:17.830012+00:00,Z,12.24,300,"['@', 'F']",18,C,CHI
2022-05-06 18:50:17.830034+00:00,Z,12.24,300,"['@', 'F']",19,C,CHI
2022-05-06 18:50:17.830043+00:00,Z,12.24,300,"['@', 'F']",20,C,CHI
2022-05-06 18:50:17.830210270+00:00,Q,12.22,100,['@'],208,C,CHI
2022-05-06 18:50:17.830250380+00:00,Q,12.22,3,"['@', 'F', 'I']",209,C,CHI
2022-05-06 18:50:17.830315488+00:00,Q,12.22,3,"['@', 'F', 'I']",210,C,CHI
2022-05-06 18:50:17.830353793+00:00,Q,12.22,3,"['@', 'F', 'I']",211,C,CHI
2022-05-06 18:50:17.830388346+00:00,Q,12.23,3,"['@', 'F', 'I']",212,C,CHI
2022-05-06 18:50:17.830429366+00:00,Q,12.23,3,"['@', 'F', 'I']",213,C,CHI
2022-05-06 18:50:17.830467577+00:00,Q,12.23,3,"['@', 'F', 'I']",214,C,CHI
2022-05-06 18:50:17.830501081+00:00,Q,12.23,3,"['@', 'F', 'I']",215,C,CHI
2022-05-06 18:50:17.830537634+00:00,Q,12.23,3,"['@', 'F', 'I']",216,C,CHI
2022-05-06 18:50:17.830574536+00:00,Q,12.23,3,"['@', 'F', 'I']",217,C,CHI
2022-05-06 18:50:17.830635955+00:00,Q,12.23,3,"['@', 'F', 'I']",218,C,CHI
2022-05-06 18:50:17.830673896+00:00,Q,12.23,3,"['@', 'F', 'I']",219,C,CHI
