timestamp,exchange,price,size,conditions,id,tape,symbol
2022-05-04 12:38:46.443950943+00:00,D,25.0,1,"['@', 'T', 'I']",1,C,CCD
2022-05-04 13:01:30.017400254+00:00,D,24.95,5,"['@', 'T', 'I']",2,C,CCD
2022-05-04 13:30:00.538255023+00:00,Q,25.29,703,"['@', 'O', 'X']",1,C,CCD
2022-05-04 13:30:00.538266301+00:00,Q,25.29,703,"['@', 'Q']",2,C,CCD
2022-05-04 13:31:24.395222545+00:00,D,25.36,5,"['@', 'I']",3,C,CCD
2022-05-04 13:34:21.734000+00:00,D,25.094,6,"['@', 'I']",1,C,CCD
2022-05-04 13:36:02.882367523+00:00,D,25.125,1,"['@', 'I']",4,C,CCD
2022-05-04 13:36:12.298569+00:00,K,25.125,98,"['@', 'I']",1,C,CCD
2022-05-04 13:36:12.299084+00:00,K,25.125,2,"['@', 'I']",2,C,CCD
2022-05-04 13:36:12.299084+00:00,K,25.125,98,"['@', 'I']",3,C,CCD
2022-05-04 13:36:12.305000+00:00,D,25.1683,1,"['@', 'I']",5,C,CCD
2022-05-04 13:36:12.309000+00:00,D,25.1683,1,"['@', 'I']",9,C,CCD
2022-05-04 13:36:12.316000+00:00,D,25.125,1,"['@', 'I']",6,C,CCD
2022-05-04 13:36:12.319000+00:00,D,25.125,1,"['@', 'I']",8,C,CCD
2022-05-04 13:36:12.322508259+00:00,D,25.34,1,"['@', 'I']",7,C,CCD
2022-05-04 13:38:54.639761907+00:00,D,25.3002,100,['@'],10,C,CCD
2022-05-04 13:42:47.486000+00:00,D,25.3,7,"['@', 'I']",11,C,CCD
2022-05-04 13:44:24.146908116+00:00,D,25.3,8,"['@', 'I']",12,C,CCD
2022-05-04 13:49:03.418130+00:00,K,25.22,100,"['@', 'F']",4,C,CCD
2022-05-04 13:49:03.418130+00:00,K,25.23,27,"['@', 'F', 'I']",5,C,CCD
2022-05-04 13:50:16.191346+00:00,D,25.2399,177,['@'],13,C,CCD
2022-05-04 13:52:03.809124966+00:00,D,25.0819,1000,['@'],14,C,CCD
2022-05-04 13:52:03.811063+00:00,D,25.23,100,['@'],15,C,CCD
2022-05-04 13:52:03.811483+00:00,J,25.23,72,"['@', 'F', 'I']",1,C,CCD
2022-05-04 13:52:03.815995406+00:00,Q,25.09,100,['@'],3,C,CCD
2022-05-04 13:52:03.819145+00:00,D,25.05,100,['@'],16,C,CCD
2022-05-04 13:53:39.998958+00:00,D,25.135,100,['@'],17,C,CCD
2022-05-04 13:53:39.998958+00:00,D,25.135,100,['@'],18,C,CCD
2022-05-04 13:53:39.999720+00:00,D,25.135,100,['@'],19,C,CCD
2022-05-04 13:53:40.000082+00:00,D,25.135,300,['@'],20,C,CCD
2022-05-04 13:53:40.000751+00:00,D,25.135,300,['@'],21,C,CCD
2022-05-04 13:53:40.412566+00:00,D,25.125,100,['@'],22,C,CCD
2022-05-04 13:53:51.739000+00:00,D,25.125,2,"['@', 'I']",23,C,CCD
2022-05-04 13:55:19.714000+00:00,D,25.13,1019,['@'],2,C,CCD
2022-05-04 13:55:28.272882256+00:00,D,25.1519,70,"['@', 'I']",3,C,CCD
2022-05-04 13:56:29.250000+00:00,D,25.0212,400,['@'],4,C,CCD
2022-05-04 14:02:54.114000+00:00,D,25.1499,277,['@'],24,C,CCD
2022-05-04 14:03:52.163000+00:00,D,25.065,11,"['@', 'I']",25,C,CCD
2022-05-04 14:06:13.927881+00:00,K,25.12,100,"['@', 'F']",6,C,CCD
2022-05-04 14:06:16.001401+00:00,D,25.0,100,['@'],26,C,CCD
2022-05-04 14:06:16.029770+00:00,K,25.0,20,"['@', 'F', 'I']",7,C,CCD
2022-05-04 14:06:16.029948929+00:00,Q,24.99,5,"['@', 'I']",4,C,CCD
2022-05-04 14:06:16.029997568+00:00,P,25.0,10,"['@', 'I']",1,C,CCD
2022-05-04 14:06:16.029997568+00:00,P,25.0,10,"['@', 'Q']",2,C,CCD
2022-05-04 14:06:16.030103+00:00,K,24.98,4,"['@', 'I']",8,C,CCD
2022-05-04 14:06:16.030145+00:00,D,25.055,100,['@'],27,C,CCD
2022-05-04 14:06:16.030179+00:00,K,24.98,58,"['@', 'I']",9,C,CCD
2022-05-04 14:06:16.030268+00:00,K,24.98,38,"['@', 'I']",10,C,CCD
2022-05-04 14:06:16.030378752+00:00,P,24.98,89,"['@', 'I']",3,C,CCD
2022-05-04 14:06:16.030897408+00:00,P,24.98,11,"['@', 'F', 'I']",4,C,CCD
2022-05-04 14:06:16.031403+00:00,Z,24.98,150,"['@', 'F']",1,C,CCD
2022-05-04 14:07:38.990103399+00:00,Q,24.95,15,"['@', 'F', 'I']",5,C,CCD
2022-05-04 14:07:38.990103399+00:00,Q,24.95,100,"['@', 'F']",6,C,CCD
2022-05-04 14:08:47.603607+00:00,K,25.05,100,"['@', 'F']",11,C,CCD
2022-05-04 14:09:29.375000+00:00,D,24.9883,10,"['@', 'I']",28,C,CCD
2022-05-04 14:14:43.388816205+00:00,D,24.98,100,['@'],29,C,CCD
2022-05-04 14:15:20.850000+00:00,D,24.99,2,"['@', 'I']",30,C,CCD
2022-05-04 14:15:29.166487+00:00,K,24.92,100,"['@', 'F']",12,C,CCD
2022-05-04 14:15:29.166487+00:00,K,24.92,78,"['@', 'F', 'I']",13,C,CCD
2022-05-04 14:15:29.166610771+00:00,Q,24.93,100,"['@', 'F']",7,C,CCD
2022-05-04 14:15:29.166638+00:00,K,24.92,22,"['@', 'I']",14,C,CCD
2022-05-04 14:15:29.166679656+00:00,Q,24.92,100,['@'],8,C,CCD
2022-05-04 14:21:05.633332192+00:00,D,24.985,10,"['@', 'I']",31,C,CCD
2022-05-04 14:21:35.063000+00:00,D,24.9889,1,"['@', 'I']",32,C,CCD
2022-05-04 14:29:08.555367577+00:00,D,24.9202,80,"['@', 'I']",33,C,CCD
2022-05-04 14:31:25.221660+00:00,D,24.965,200,['@'],34,C,CCD
2022-05-04 14:32:27.827000+00:00,D,24.965,1,"['@', 'I']",5,C,CCD
2022-05-04 14:33:24.502856623+00:00,Q,24.92,100,['@'],9,C,CCD
2022-05-04 14:33:24.503023+00:00,K,24.92,28,"['@', 'F', 'I']",15,C,CCD
2022-05-04 14:33:24.503076+00:00,K,24.92,72,"['@', 'F', 'I']",16,C,CCD
2022-05-04 14:33:24.503232353+00:00,Q,24.9,5,"['@', 'F', 'I']",10,C,CCD
2022-05-04 14:33:24.503276544+00:00,P,24.9,5,"['@', 'F', 'I']",5,C,CCD
2022-05-04 14:33:24.508953106+00:00,D,24.92,1,"['@', 'I']",35,C,CCD
2022-05-04 14:34:48.428501+00:00,K,24.9,100,"['@', 'F']",17,C,CCD
2022-05-04 14:34:48.428501+00:00,K,24.9,24,"['@', 'F', 'I']",18,C,CCD
2022-05-04 14:34:48.428620+00:00,K,24.9,176,"['@', 'F']",19,C,CCD
2022-05-04 14:34:48.428837+00:00,K,24.89,9,"['@', 'I']",20,C,CCD
2022-05-04 14:34:48.430369+00:00,K,24.89,91,"['@', 'I']",21,C,CCD
2022-05-04 14:36:00.633000+00:00,D,24.9588,1,"['@', 'I']",6,C,CCD
2022-05-04 14:36:00.848000+00:00,D,24.96,1,"['@', 'I']",7,C,CCD
2022-05-04 14:38:01.947000+00:00,D,24.9129,24,"['@', 'I']",36,C,CCD
2022-05-04 14:40:18.369172952+00:00,D,24.9423,2,"['@', 'I']",37,C,CCD
2022-05-04 14:40:45.856000+00:00,D,24.914,10,"['@', 'I']",8,C,CCD
2022-05-04 14:44:20.930917231+00:00,D,24.91,300,['@'],38,C,CCD
2022-05-04 14:44:28.429404852+00:00,B,24.9,16,"['@', 'F', 'I']",1,C,CCD
2022-05-04 14:44:28.429408321+00:00,Q,24.9,5,"['@', 'I']",11,C,CCD
2022-05-04 14:44:28.553657+00:00,K,24.86,100,['@'],22,C,CCD
2022-05-04 14:44:41.615348865+00:00,D,24.8991,6,"['@', 'I']",39,C,CCD
2022-05-04 14:47:45.638000+00:00,D,24.8512,20,"['@', 'I']",40,C,CCD
2022-05-04 14:48:51.940000+00:00,D,24.8457,100,['@'],41,C,CCD
2022-05-04 14:50:57.471741+00:00,K,24.85,5,"['@', 'I']",23,C,CCD
2022-05-04 14:50:57.471912102+00:00,Q,24.86,100,['@'],12,C,CCD
2022-05-04 14:50:57.471935753+00:00,Q,24.86,200,['@'],13,C,CCD
2022-05-04 14:50:57.471947212+00:00,Q,24.86,2,"['@', 'F', 'I']",14,C,CCD
2022-05-04 14:50:57.471955724+00:00,Q,24.86,200,['@'],15,C,CCD
2022-05-04 14:50:57.471999355+00:00,Q,24.86,2,"['@', 'F', 'I']",16,C,CCD
2022-05-04 14:50:57.472035622+00:00,Q,24.86,2,"['@', 'F', 'I']",17,C,CCD
2022-05-04 14:50:57.472070939+00:00,Q,24.86,2,"['@', 'F', 'I']",18,C,CCD
2022-05-04 14:50:57.472106674+00:00,Q,24.86,2,"['@', 'F', 'I']",19,C,CCD
2022-05-04 14:50:57.472141273+00:00,Q,24.86,2,"['@', 'F', 'I']",20,C,CCD
2022-05-04 14:50:57.472176490+00:00,Q,24.86,2,"['@', 'F', 'I']",21,C,CCD
2022-05-04 14:50:57.472212275+00:00,Q,24.86,2,"['@', 'F', 'I']",22,C,CCD
2022-05-04 14:50:57.472246536+00:00,Q,24.86,2,"['@', 'F', 'I']",23,C,CCD
2022-05-04 14:56:55.835510+00:00,D,24.855,100,['@'],42,C,CCD
2022-05-04 14:56:55.836000+00:00,D,24.837,200,['@'],43,C,CCD
2022-05-04 14:57:11.626409325+00:00,Q,24.86,52,"['@', 'I']",24,C,CCD
2022-05-04 14:57:11.628525+00:00,D,24.81,48,"['@', 'I']",44,C,CCD
2022-05-04 14:57:14.358157093+00:00,Q,24.82,75,"['@', 'I']",25,C,CCD
2022-05-04 14:57:14.358279168+00:00,P,24.83,20,"['@', 'I']",6,C,CCD
2022-05-04 15:01:28.779370049+00:00,D,24.8985,100,['@'],45,C,CCD
2022-05-04 15:02:03.462579+00:00,D,24.88,42,"['@', 'I']",46,C,CCD
2022-05-04 15:09:09.023000+00:00,D,24.85,65,"['@', 'I']",47,C,CCD
2022-05-04 15:10:59.180000+00:00,D,24.85,68,"['@', 'I']",48,C,CCD
2022-05-04 15:13:44.751000+00:00,D,24.858,300,['@'],49,C,CCD
2022-05-04 15:14:47.010000+00:00,D,24.8532,215,['@'],50,C,CCD
2022-05-04 15:14:51.809081+00:00,K,24.85,100,['@'],24,C,CCD
2022-05-04 15:14:51.809197+00:00,K,24.85,100,"['@', 'F']",25,C,CCD
2022-05-04 15:15:17.587425+00:00,K,24.85,8,"['@', 'F', 'I']",26,C,CCD
2022-05-04 15:15:17.588000+00:00,D,24.85,2,"['@', 'I']",9,C,CCD
2022-05-04 15:16:03.489456233+00:00,D,24.88,200,['@'],51,C,CCD
2022-05-04 15:16:16.133119663+00:00,D,24.87,4,"['@', 'I']",10,C,CCD
2022-05-04 15:17:24.654173+00:00,K,24.85,108,['@'],27,C,CCD
2022-05-04 15:17:24.654469+00:00,K,24.85,92,"['@', 'I']",28,C,CCD
2022-05-04 15:17:24.654469+00:00,K,24.85,100,['@'],29,C,CCD
2022-05-04 15:17:24.655000497+00:00,D,24.81,72,"['@', 'I']",52,C,CCD
2022-05-04 15:21:41.571000+00:00,D,24.8463,1,"['@', 'I']",11,C,CCD
2022-05-04 15:25:23.281649876+00:00,D,24.87,15,"['@', 'I']",53,C,CCD
2022-05-04 15:30:22.112142+00:00,Y,24.85,5,"['@', 'I']",1,C,CCD
2022-05-04 15:31:02.404228352+00:00,P,24.85,2,"['@', 'F', 'I']",7,C,CCD
2022-05-04 15:31:02.404228352+00:00,P,24.85,14,"['@', 'F', 'I']",8,C,CCD
2022-05-04 15:31:02.404258048+00:00,P,24.85,16,"['@', 'F', 'I']",9,C,CCD
2022-05-04 15:31:02.404266240+00:00,P,24.85,16,"['@', 'F', 'I']",10,C,CCD
2022-05-04 15:31:02.404482936+00:00,Q,24.85,67,"['@', 'I']",26,C,CCD
2022-05-04 15:31:02.404503794+00:00,Q,24.85,48,"['@', 'I']",27,C,CCD
2022-05-04 15:31:02.404514870+00:00,Q,24.85,16,"['@', 'F', 'I']",28,C,CCD
2022-05-04 15:31:02.404520511+00:00,Q,24.85,11,"['@', 'I']",29,C,CCD
2022-05-04 15:31:02.404539730+00:00,Q,24.85,8,"['@', 'F', 'I']",30,C,CCD
2022-05-04 15:31:02.404539730+00:00,Q,24.85,100,"['@', 'F']",31,C,CCD
2022-05-04 15:31:02.404539730+00:00,Q,24.85,87,"['@', 'F', 'I']",32,C,CCD
2022-05-04 15:31:02.404657152+00:00,P,24.85,16,"['@', 'F', 'I']",11,C,CCD
2022-05-04 15:31:02.404684+00:00,K,24.87,14,"['@', 'I']",30,C,CCD
2022-05-04 15:31:02.404698112+00:00,P,24.85,38,"['@', 'F', 'I']",12,C,CCD
2022-05-04 15:31:02.404729+00:00,K,24.87,2,"['@', 'I']",31,C,CCD
2022-05-04 15:31:02.404742+00:00,K,24.87,84,"['@', 'I']",32,C,CCD
2022-05-04 15:31:02.404884444+00:00,Q,24.85,14,"['@', 'F', 'I']",33,C,CCD
2022-05-04 15:31:02.404921731+00:00,Q,24.85,2,"['@', 'F', 'I']",34,C,CCD
2022-05-04 15:31:04.061000+00:00,D,24.8899,200,['@'],54,C,CCD
2022-05-04 15:33:11.717461171+00:00,Q,24.85,84,"['@', 'I']",35,C,CCD
2022-05-04 15:34:41.688000+00:00,D,24.8457,237,['@'],55,C,CCD
2022-05-04 15:34:42.467294+00:00,D,24.8457,1,"['@', 'I']",56,C,CCD
2022-05-04 15:36:00.676000+00:00,D,24.82,440,['@'],57,C,CCD
2022-05-04 15:36:00.678688786+00:00,D,24.82,100,['@'],12,C,CCD
2022-05-04 15:36:00.681022198+00:00,V,24.82,100,['@'],1,C,CCD
2022-05-04 15:36:00.681022198+00:00,V,24.82,200,['@'],2,C,CCD
2022-05-04 15:36:00.681486777+00:00,D,24.82,20,"['@', 'I']",58,C,CCD
2022-05-04 15:36:13.173758+00:00,D,24.8462,4,"['@', 'I']",59,C,CCD
2022-05-04 15:36:13.176000+00:00,D,24.82,1,"['@', 'I']",61,C,CCD
2022-05-04 15:36:13.183000+00:00,D,24.82,1,"['@', 'I']",60,C,CCD
2022-05-04 15:38:28.821000+00:00,D,24.8899,1,"['@', 'I']",62,C,CCD
2022-05-04 15:39:46.575446+00:00,D,24.855,81,"['@', 'I']",63,C,CCD
2022-05-04 15:39:46.576000+00:00,D,24.855,199,['@'],64,C,CCD
2022-05-04 15:41:12.468756489+00:00,D,24.855,120,['@'],65,C,CCD
2022-05-04 15:41:35.317719783+00:00,D,24.855,27,"['@', 'I']",13,C,CCD
2022-05-04 15:46:28.103405707+00:00,D,24.8758,10,"['@', 'I']",66,C,CCD
2022-05-04 15:47:27.516000+00:00,D,24.855,100,['@'],67,C,CCD
2022-05-04 15:49:00.318400880+00:00,D,24.86,27,"['@', 'I']",14,C,CCD
2022-05-04 15:49:22.173526+00:00,D,24.8755,100,['@'],68,C,CCD
2022-05-04 15:53:40.752000+00:00,D,24.8819,23,"['@', 'I']",69,C,CCD
2022-05-04 15:53:41.585000+00:00,D,24.8999,10,"['@', 'I']",70,C,CCD
2022-05-04 15:54:15.117484800+00:00,N,24.88,53,"['@', 'I']",1,C,CCD
2022-05-04 15:54:15.118104009+00:00,V,24.88,43,"['@', 'I']",3,C,CCD
2022-05-04 15:54:31.955152602+00:00,D,24.88,100,['@'],15,C,CCD
2022-05-04 15:57:12.121982999+00:00,Q,24.88,1,"['@', 'I']",36,C,CCD
2022-05-04 15:57:12.122319272+00:00,Q,24.88,99,"['@', 'I']",37,C,CCD
2022-05-04 15:57:12.123000+00:00,D,24.88,1,"['@', 'I']",71,C,CCD
2022-05-04 15:57:13.001826+00:00,K,24.88,12,"['@', 'I']",33,C,CCD
2022-05-04 15:57:24.563320137+00:00,Q,24.88,2,"['@', 'I']",38,C,CCD
2022-05-04 15:57:35.318918831+00:00,D,24.88,10,"['@', 'I']",72,C,CCD
2022-05-04 15:58:08.543363216+00:00,D,24.8997,15,"['@', 'I']",73,C,CCD
2022-05-04 15:58:47.659501+00:00,D,24.9,100,['@'],74,C,CCD
2022-05-04 15:59:39.415866059+00:00,D,24.8999,5,"['@', 'I']",75,C,CCD
2022-05-04 16:01:28.124680+00:00,K,24.88,100,['@'],34,C,CCD
2022-05-04 16:01:28.125349758+00:00,Q,24.88,100,['@'],39,C,CCD
2022-05-04 16:01:28.128715854+00:00,V,24.87,100,['@'],4,C,CCD
2022-05-04 16:01:28.129101943+00:00,Q,24.87,65,"['@', 'I']",40,C,CCD
2022-05-04 16:01:28.129750584+00:00,D,24.9,79,"['@', 'I']",76,C,CCD
2022-05-04 16:04:06.127000+00:00,D,24.8865,650,['@'],77,C,CCD
2022-05-04 16:05:30.776325+00:00,D,24.8949,8,"['@', 'I']",78,C,CCD
2022-05-04 16:05:31.083000+00:00,D,24.88,1,"['@', 'I']",79,C,CCD
2022-05-04 16:10:17.735505547+00:00,D,24.8714,25,"['@', 'I']",80,C,CCD
2022-05-04 16:10:19.310000+00:00,D,24.885,2,"['@', 'I']",81,C,CCD
2022-05-04 16:10:19.314000+00:00,D,24.9,1,"['@', 'I']",82,C,CCD
2022-05-04 16:13:55.416973568+00:00,M,24.88,53,"['@', 'F', 'I']",1,C,CCD
2022-05-04 16:15:30.566023922+00:00,B,24.9,100,['@'],2,C,CCD
2022-05-04 16:15:30.566066832+00:00,B,24.9,6,"['@', 'F', 'I']",3,C,CCD
2022-05-04 16:15:30.576776615+00:00,U,24.9,155,['@'],1,C,CCD
2022-05-04 16:15:30.581449466+00:00,V,24.91,48,"['@', 'I']",5,C,CCD
2022-05-04 16:24:46.104452+00:00,D,25.02,100,['@'],83,C,CCD
2022-05-04 16:25:01.634517132+00:00,U,24.96,5,"['@', 'I']",2,C,CCD
2022-05-04 16:25:01.634518+00:00,K,24.96,5,"['@', 'I']",35,C,CCD
2022-05-04 16:25:01.634672707+00:00,D,24.89,990,['@'],84,C,CCD
2022-05-04 16:25:12.456188+00:00,D,24.9945,200,['@'],85,C,CCD
2022-05-04 16:28:29.208431105+00:00,D,25.0657,1000,['@'],86,C,CCD
2022-05-04 16:28:58.101369958+00:00,Q,25.02,32,"['@', 'F', 'I']",41,C,CCD
2022-05-04 16:28:58.101375008+00:00,Q,25.02,16,"['@', 'F', 'I']",42,C,CCD
2022-05-04 16:28:58.101390249+00:00,Q,25.02,32,"['@', 'F', 'I']",43,C,CCD
2022-05-04 16:29:03.448763498+00:00,V,25.03,100,['@'],6,C,CCD
2022-05-04 16:29:03.448763498+00:00,V,25.02,43,"['@', 'I']",7,C,CCD
2022-05-04 16:29:21.215000+00:00,D,25.0486,140,['@'],87,C,CCD
2022-05-04 16:29:47.415000+00:00,D,25.045,74,"['@', 'I']",89,C,CCD
2022-05-04 16:29:47.415577969+00:00,D,25.045,96,"['@', 'I']",88,C,CCD
2022-05-04 16:29:47.423000+00:00,D,25.07,530,['@'],90,C,CCD
2022-05-04 16:29:47.428885104+00:00,V,25.03,100,['@'],8,C,CCD
2022-05-04 16:29:47.428885104+00:00,V,25.02,28,"['@', 'I']",9,C,CCD
2022-05-04 16:30:10.125024484+00:00,X,25.03,45,"['@', 'F', 'I']",1,C,CCD
2022-05-04 16:30:33.050000+00:00,D,25.07,69,"['@', 'I']",91,C,CCD
2022-05-04 16:30:33.061000+00:00,D,25.07,261,['@'],92,C,CCD
2022-05-04 16:30:33.062000+00:00,D,25.07,100,['@'],93,C,CCD
2022-05-04 16:30:33.066781+00:00,K,25.07,100,['@'],36,C,CCD
2022-05-04 16:30:33.067160801+00:00,D,25.07,68,"['@', 'I']",94,C,CCD
2022-05-04 16:30:33.070000+00:00,D,25.07,1,"['@', 'I']",95,C,CCD
2022-05-04 16:32:49.595176429+00:00,D,25.0572,5,"['@', 'I']",96,C,CCD
2022-05-04 16:34:58.461000+00:00,D,25.07,398,['@'],97,C,CCD
2022-05-04 16:34:58.465702+00:00,K,25.07,200,['@'],37,C,CCD
2022-05-04 16:34:58.476000+00:00,D,25.045,1,"['@', 'I']",98,C,CCD
2022-05-04 16:34:58.479000+00:00,D,25.045,1,"['@', 'I']",99,C,CCD
2022-05-04 16:35:08.450658+00:00,K,25.045,100,['@'],38,C,CCD
2022-05-04 16:35:08.450685467+00:00,Q,25.045,34,"['@', 'I']",44,C,CCD
2022-05-04 16:35:08.453195885+00:00,V,25.03,100,['@'],10,C,CCD
2022-05-04 16:36:20.125124442+00:00,H,25.03,52,"['@', 'F', 'I']",1,C,CCD
2022-05-04 16:36:50.244000+00:00,D,25.07,100,['@'],100,C,CCD
2022-05-04 16:36:50.249906+00:00,K,25.07,100,['@'],39,C,CCD
2022-05-04 16:36:50.249906+00:00,K,25.07,221,['@'],40,C,CCD
2022-05-04 16:36:50.250114048+00:00,P,25.07,177,['@'],13,C,CCD
2022-05-04 16:36:50.250117800+00:00,Q,25.07,72,"['@', 'I']",45,C,CCD
2022-05-04 16:36:50.256000+00:00,D,25.07,1,"['@', 'I']",101,C,CCD
2022-05-04 16:36:53.880388+00:00,K,25.09,100,['@'],41,C,CCD
2022-05-04 16:36:53.880675960+00:00,X,25.08,36,"['@', 'I']",2,C,CCD
2022-05-04 16:39:16.194209+00:00,K,25.08,225,['@'],42,C,CCD
2022-05-04 16:39:16.194247+00:00,Z,25.08,134,['@'],2,C,CCD
2022-05-04 16:39:16.194310430+00:00,X,25.08,14,"['@', 'I']",3,C,CCD
2022-05-04 16:39:16.194410240+00:00,P,25.08,225,['@'],14,C,CCD
2022-05-04 16:39:16.194440241+00:00,Q,25.08,27,"['@', 'I']",46,C,CCD
2022-05-04 16:39:16.199000+00:00,D,25.08,1,"['@', 'I']",102,C,CCD
2022-05-04 16:39:18.451047237+00:00,V,25.06,42,"['@', 'I']",11,C,CCD
2022-05-04 16:39:18.451680388+00:00,V,25.06,100,['@'],12,C,CCD
2022-05-04 16:40:18.925000+00:00,D,25.0597,598,['@'],103,C,CCD
2022-05-04 16:40:18.936000+00:00,D,25.055,1,"['@', 'I']",104,C,CCD
2022-05-04 16:40:18.940000+00:00,D,25.055,1,"['@', 'I']",105,C,CCD
2022-05-04 16:40:28.450794792+00:00,V,25.055,58,"['@', 'I']",13,C,CCD
2022-05-04 16:40:28.451212+00:00,K,25.055,100,['@'],43,C,CCD
2022-05-04 16:40:28.452008311+00:00,V,25.03,12,"['@', 'I']",14,C,CCD
2022-05-04 16:42:16.489584+00:00,D,25.07,100,['@'],106,C,CCD
2022-05-04 16:42:16.489586+00:00,K,25.07,100,['@'],44,C,CCD
2022-05-04 16:42:16.489669634+00:00,Q,25.07,100,['@'],47,C,CCD
2022-05-04 16:42:16.489863324+00:00,V,25.07,100,['@'],15,C,CCD
2022-05-04 16:42:16.495571+00:00,D,25.08,100,['@'],107,C,CCD
2022-05-04 16:42:16.497486+00:00,D,25.08,18,"['@', 'I']",108,C,CCD
2022-05-04 16:42:16.499663+00:00,K,25.08,63,"['@', 'I']",45,C,CCD
2022-05-04 16:42:16.499828736+00:00,A,25.08,11,"['@', 'I']",1,C,CCD
2022-05-04 16:42:16.500398286+00:00,D,25.08,6,"['@', 'I']",109,C,CCD
2022-05-04 16:42:16.503000+00:00,D,25.08,1,"['@', 'I']",110,C,CCD
2022-05-04 16:47:22.203114+00:00,K,25.08,235,['@'],46,C,CCD
2022-05-04 16:47:22.203151+00:00,Z,25.08,121,['@'],3,C,CCD
2022-05-04 16:47:22.203324672+00:00,P,25.08,235,['@'],15,C,CCD
2022-05-04 16:47:22.203555048+00:00,Q,25.08,95,"['@', 'F', 'I']",48,C,CCD
2022-05-04 16:47:22.227001028+00:00,Q,25.08,2,"['@', 'I']",49,C,CCD
2022-05-04 16:47:22.227516678+00:00,D,25.08,5,"['@', 'I']",111,C,CCD
2022-05-04 16:47:22.230000+00:00,D,25.08,1,"['@', 'I']",112,C,CCD
2022-05-04 16:47:23.451921+00:00,K,25.06,100,['@'],47,C,CCD
2022-05-04 16:47:23.452335+00:00,J,25.03,23,"['@', 'F', 'I']",2,C,CCD
2022-05-04 16:49:35.324658+00:00,K,25.08,232,['@'],48,C,CCD
2022-05-04 16:49:35.324694+00:00,Z,25.08,128,['@'],4,C,CCD
2022-05-04 16:49:35.324860672+00:00,P,25.08,232,['@'],16,C,CCD
2022-05-04 16:49:35.339101+00:00,Z,25.08,1,"['@', 'I']",5,C,CCD
2022-05-04 16:49:35.339515695+00:00,D,25.08,5,"['@', 'I']",113,C,CCD
2022-05-04 16:49:35.343000+00:00,D,25.08,1,"['@', 'I']",114,C,CCD
2022-05-04 16:49:41.613695374+00:00,V,25.05,71,"['@', 'I']",16,C,CCD
2022-05-04 16:49:41.614350383+00:00,V,25.05,100,['@'],17,C,CCD
2022-05-04 16:50:21.325000+00:00,D,25.0558,4,"['@', 'I']",16,C,CCD
2022-05-04 16:50:50.608135+00:00,K,25.05,100,['@'],49,C,CCD
2022-05-04 16:51:11.429670588+00:00,Q,25.06,100,['@'],50,C,CCD
2022-05-04 16:51:11.429869006+00:00,V,25.06,100,['@'],18,C,CCD
2022-05-04 16:51:11.438800+00:00,K,25.07,218,['@'],50,C,CCD
2022-05-04 16:51:11.438999808+00:00,P,25.07,180,['@'],17,C,CCD
2022-05-04 16:51:11.446862358+00:00,D,25.0584,1,"['@', 'I']",115,C,CCD
2022-05-04 16:51:11.449000+00:00,D,25.0584,1,"['@', 'I']",116,C,CCD
2022-05-04 16:51:13.451264530+00:00,Q,25.05,100,['@'],51,C,CCD
2022-05-04 16:51:13.451543121+00:00,V,25.05,6,"['@', 'I']",19,C,CCD
2022-05-04 16:51:13.452582019+00:00,V,25.05,23,"['@', 'I']",20,C,CCD
2022-05-04 16:51:13.453323+00:00,J,25.03,77,"['@', 'F', 'I']",3,C,CCD
2022-05-04 16:51:36.560810+00:00,D,25.03,100,['@'],117,C,CCD
2022-05-04 16:52:18.618880525+00:00,Q,25.03,100,"['@', 'F']",52,C,CCD
2022-05-04 16:52:49.842034432+00:00,P,25.06,100,['@'],18,C,CCD
2022-05-04 16:52:49.842152704+00:00,P,25.06,100,['@'],19,C,CCD
2022-05-04 16:52:56.217000+00:00,D,25.0406,800,['@'],118,C,CCD
2022-05-04 16:52:59.474130+00:00,K,25.035,100,['@'],51,C,CCD
2022-05-04 16:52:59.482597670+00:00,Q,25.035,100,['@'],53,C,CCD
2022-05-04 16:53:01.466594+00:00,J,25.02,100,"['@', 'F']",4,C,CCD
2022-05-04 16:53:01.466867053+00:00,V,25.02,267,['@'],21,C,CCD
2022-05-04 16:54:24.279580+00:00,D,25.034,12,"['@', 'I']",17,C,CCD
2022-05-04 16:54:24.325000+00:00,D,25.04,1,"['@', 'I']",18,C,CCD
2022-05-04 16:55:00.781030+00:00,K,25.04,100,['@'],52,C,CCD
2022-05-04 16:57:54.623132397+00:00,D,25.03,1,"['@', 'I']",119,C,CCD
2022-05-04 16:58:52.521390592+00:00,P,25.06,100,['@'],20,C,CCD
2022-05-04 16:58:52.522981+00:00,K,25.09,45,"['@', 'I']",53,C,CCD
2022-05-04 16:58:52.523106692+00:00,X,25.09,134,['@'],4,C,CCD
2022-05-04 16:58:52.523584147+00:00,U,25.12,100,['@'],3,C,CCD
2022-05-04 16:58:52.523761432+00:00,Q,25.12,200,"['@', 'F']",54,C,CCD
2022-05-04 16:58:52.524283136+00:00,P,25.13,21,"['@', 'I']",21,C,CCD
2022-05-04 16:58:52.524449978+00:00,V,25.12,100,['@'],22,C,CCD
2022-05-04 16:58:52.526056414+00:00,D,25.1,300,['@'],120,C,CCD
2022-05-04 16:58:52.527073109+00:00,Q,25.09,100,['@'],55,C,CCD
2022-05-04 16:58:52.527136200+00:00,Q,25.09,17,"['@', 'I']",56,C,CCD
2022-05-04 16:58:52.527225831+00:00,Q,25.09,14,"['@', 'F', 'I']",57,C,CCD
2022-05-04 17:01:10.995168+00:00,J,25.07,100,"['@', 'F']",5,C,CCD
2022-05-04 17:02:12.754129+00:00,K,25.085,100,['@'],54,C,CCD
2022-05-04 17:03:56.780572951+00:00,D,25.0719,1,"['@', 'I']",121,C,CCD
2022-05-04 17:04:26.463684+00:00,K,25.1,100,['@'],55,C,CCD
2022-05-04 17:04:26.463763009+00:00,Q,25.1,100,['@'],58,C,CCD
2022-05-04 17:04:26.463953198+00:00,V,25.1,100,['@'],23,C,CCD
2022-05-04 17:04:26.469184+00:00,D,25.11,100,['@'],122,C,CCD
2022-05-04 17:04:26.471991+00:00,K,25.11,200,['@'],56,C,CCD
2022-05-04 17:04:26.472044+00:00,Z,25.11,194,['@'],6,C,CCD
2022-05-04 17:04:26.472202752+00:00,P,25.11,200,['@'],22,C,CCD
2022-05-04 17:04:26.472770410+00:00,D,25.11,6,"['@', 'I']",123,C,CCD
2022-05-04 17:07:33.998000+00:00,D,25.1099,1,"['@', 'I']",19,C,CCD
2022-05-04 17:08:16.826404+00:00,D,25.04,100,['@'],124,C,CCD
2022-05-04 17:09:05.256503+00:00,D,25.03,100,['@'],125,C,CCD
2022-05-04 17:09:52.198562+00:00,J,25.03,100,"['@', 'F']",6,C,CCD
2022-05-04 17:12:52.309142130+00:00,Q,25.03,100,"['@', 'F']",59,C,CCD
2022-05-04 17:14:03.273385+00:00,D,25.03,100,['@'],126,C,CCD
2022-05-04 17:15:03.460744+00:00,K,25.03,21,"['@', 'F', 'I']",57,C,CCD
2022-05-04 17:15:03.461410924+00:00,Q,25.03,100,"['@', 'F']",60,C,CCD
2022-05-04 17:15:41.349735+00:00,J,25.03,100,"['@', 'F']",7,C,CCD
2022-05-04 17:17:43.585929+00:00,K,25.03,100,"['@', 'F']",58,C,CCD
2022-05-04 17:20:11.344000+00:00,D,25.0479,1,"['@', 'I']",127,C,CCD
2022-05-04 17:21:46.786064+00:00,K,25.045,100,['@'],59,C,CCD
2022-05-04 17:21:46.786533+00:00,K,25.045,100,['@'],60,C,CCD
2022-05-04 17:21:53.462685+00:00,J,25.02,100,"['@', 'F']",8,C,CCD
2022-05-04 17:21:53.462960075+00:00,V,25.03,17,"['@', 'I']",24,C,CCD
2022-05-04 17:22:37.228000+00:00,D,25.045,400,['@'],128,C,CCD
2022-05-04 17:22:37.233384963+00:00,D,25.045,100,['@'],20,C,CCD
2022-05-04 17:22:37.242617231+00:00,V,25.06,100,['@'],25,C,CCD
2022-05-04 17:22:37.244000+00:00,D,25.0492,100,['@'],129,C,CCD
2022-05-04 17:22:37.246444+00:00,D,25.07,100,['@'],131,C,CCD
2022-05-04 17:22:37.248000+00:00,D,25.0492,100,['@'],130,C,CCD
2022-05-04 17:22:37.329592+00:00,J,25.02,100,"['@', 'F']",9,C,CCD
2022-05-04 17:22:37.329878302+00:00,V,25.03,15,"['@', 'I']",26,C,CCD
2022-05-04 17:26:52.221838972+00:00,V,25.02,100,['@'],27,C,CCD
2022-05-04 17:27:31.806977704+00:00,D,25.0486,1,"['@', 'I']",132,C,CCD
2022-05-04 17:28:13.230169458+00:00,D,25.04,100,['@'],133,C,CCD
2022-05-04 17:28:13.232386213+00:00,V,25.04,100,['@'],28,C,CCD
2022-05-04 17:28:13.472166+00:00,K,25.04,100,['@'],61,C,CCD
2022-05-04 17:28:13.472963+00:00,K,25.02,17,"['@', 'F', 'I']",62,C,CCD
2022-05-04 17:29:58.951035+00:00,K,25.02,100,"['@', 'F']",63,C,CCD
2022-05-04 17:32:43.078489+00:00,K,25.02,100,"['@', 'F']",64,C,CCD
2022-05-04 17:33:55.612000+00:00,D,25.0596,200,['@'],134,C,CCD
2022-05-04 17:34:03.472715+00:00,K,25.02,28,"['@', 'F', 'I']",65,C,CCD
2022-05-04 17:34:03.472721218+00:00,U,25.02,100,"['@', 'F']",4,C,CCD
2022-05-04 17:35:10.373217+00:00,J,25.02,100,"['@', 'F']",10,C,CCD
2022-05-04 17:37:06.810492+00:00,K,25.02,100,"['@', 'F']",66,C,CCD
2022-05-04 17:37:18.839083860+00:00,Q,25.03,100,['@'],61,C,CCD
2022-05-04 17:37:18.839300+00:00,K,25.02,87,"['@', 'I']",67,C,CCD
2022-05-04 17:37:18.839433+00:00,Z,25.02,33,"['@', 'I']",7,C,CCD
2022-05-04 17:37:18.839474101+00:00,Q,25.02,166,['@'],62,C,CCD
2022-05-04 17:37:18.839518208+00:00,P,25.02,191,['@'],23,C,CCD
2022-05-04 17:37:18.839619+00:00,K,25.02,55,"['@', 'I']",68,C,CCD
2022-05-04 17:37:18.839743+00:00,K,25.04,100,['@'],69,C,CCD
2022-05-04 17:37:28.476516+00:00,K,25.02,200,"['@', 'F']",70,C,CCD
2022-05-04 17:37:28.476554752+00:00,P,25.02,30,"['@', 'F', 'I']",24,C,CCD
2022-05-04 17:37:28.476799106+00:00,Q,25.02,19,"['@', 'I']",63,C,CCD
2022-05-04 17:39:09.076411+00:00,J,25.02,100,"['@', 'F']",11,C,CCD
2022-05-04 17:41:15.348740+00:00,K,25.02,13,"['@', 'F', 'I']",71,C,CCD
2022-05-04 17:41:15.348746+00:00,Z,25.02,8,"['@', 'F', 'I']",8,C,CCD
2022-05-04 17:41:15.348839680+00:00,P,25.02,79,"['@', 'F', 'I']",25,C,CCD
2022-05-04 17:41:15.349068078+00:00,Q,25.02,76,"['@', 'F', 'I']",64,C,CCD
2022-05-04 17:41:15.349069601+00:00,Q,25.02,60,"['@', 'F', 'I']",65,C,CCD
2022-05-04 17:41:23.476677005+00:00,Q,25.02,19,"['@', 'F', 'I']",66,C,CCD
2022-05-04 17:41:23.476689+00:00,J,25.02,100,"['@', 'F']",12,C,CCD
2022-05-04 17:41:57.767154+00:00,K,25.035,100,['@'],72,C,CCD
2022-05-04 17:43:04.627436390+00:00,V,25.035,200,['@'],29,C,CCD
2022-05-04 17:43:04.628093231+00:00,V,25.035,100,['@'],30,C,CCD
2022-05-04 17:43:04.630519280+00:00,V,25.04,200,['@'],31,C,CCD
2022-05-04 17:43:04.633547182+00:00,D,25.04,100,['@'],135,C,CCD
2022-05-04 17:43:04.635000+00:00,D,25.05,71,"['@', 'I']",137,C,CCD
2022-05-04 17:43:04.635874932+00:00,D,25.05,29,"['@', 'I']",136,C,CCD
2022-05-04 17:43:08.475151+00:00,K,25.035,100,['@'],73,C,CCD
2022-05-04 17:43:08.475174721+00:00,Q,25.035,1,"['@', 'I']",67,C,CCD
2022-05-04 17:43:08.475553+00:00,K,25.035,100,['@'],74,C,CCD
2022-05-04 17:43:42.025014+00:00,J,25.05,100,['@'],13,C,CCD
2022-05-04 17:43:42.025059201+00:00,U,25.05,100,['@'],5,C,CCD
2022-05-04 17:43:42.026579467+00:00,U,25.06,100,['@'],6,C,CCD
2022-05-04 17:43:42.026597+00:00,K,25.06,200,['@'],75,C,CCD
2022-05-04 17:43:42.026597+00:00,Z,25.06,200,['@'],9,C,CCD
2022-05-04 17:43:42.026793253+00:00,Q,25.06,100,"['@', 'F']",68,C,CCD
2022-05-04 17:43:42.026793253+00:00,Q,25.06,100,"['@', 'F']",69,C,CCD
2022-05-04 17:43:42.026793253+00:00,Q,25.06,100,"['@', 'F']",70,C,CCD
2022-05-04 17:46:38.391148089+00:00,D,25.022,50,"['@', 'I']",138,C,CCD
2022-05-04 17:48:03.440658+00:00,K,25.06,100,['@'],76,C,CCD
2022-05-04 17:48:03.442301+00:00,K,25.08,100,['@'],77,C,CCD
2022-05-04 17:48:03.442301+00:00,K,25.1,119,['@'],78,C,CCD
2022-05-04 17:48:03.442318+00:00,Z,25.08,100,['@'],10,C,CCD
2022-05-04 17:48:03.442318+00:00,Z,25.1,119,['@'],11,C,CCD
2022-05-04 17:48:03.442492160+00:00,P,25.1,100,['@'],26,C,CCD
2022-05-04 17:48:03.442492160+00:00,P,25.1,101,['@'],27,C,CCD
2022-05-04 17:48:03.442495111+00:00,Q,25.07,61,"['@', 'F', 'I']",71,C,CCD
2022-05-04 17:48:08.476309+00:00,K,25.05,48,"['@', 'F', 'I']",79,C,CCD
2022-05-04 17:48:08.476577697+00:00,V,25.05,100,['@'],32,C,CCD
2022-05-04 17:48:08.476577697+00:00,V,25.05,100,['@'],33,C,CCD
2022-05-04 17:48:08.476577697+00:00,V,25.04,100,['@'],34,C,CCD
2022-05-04 17:49:51.039720+00:00,K,25.04,100,"['@', 'F']",80,C,CCD
2022-05-04 17:50:52.655738+00:00,K,25.04,100,"['@', 'F']",81,C,CCD
2022-05-04 17:54:41.095674774+00:00,Q,25.04,100,"['@', 'F']",72,C,CCD
2022-05-04 17:54:41.095753604+00:00,Q,25.04,100,['@'],73,C,CCD
2022-05-04 17:58:18.976386535+00:00,V,25.05,11,"['@', 'I']",35,C,CCD
2022-05-04 18:00:02.044000+00:00,D,25.05,40,"['@', 'I']",21,C,CCD
2022-05-04 18:00:10.010000+00:00,D,25.05,100,['@'],139,C,CCD
2022-05-04 18:00:10.010734404+00:00,Q,25.08,100,['@'],74,C,CCD
2022-05-04 18:00:10.010880632+00:00,U,25.08,48,"['@', 'F', 'I']",7,C,CCD
2022-05-04 18:00:10.010952820+00:00,U,25.08,16,"['@', 'F', 'I']",8,C,CCD
2022-05-04 18:00:10.010962935+00:00,U,25.08,4,"['@', 'F', 'I']",9,C,CCD
2022-05-04 18:00:10.010978495+00:00,U,25.08,32,"['@', 'F', 'I']",10,C,CCD
2022-05-04 18:00:10.011018496+00:00,P,25.08,32,"['@', 'F', 'I']",28,C,CCD
2022-05-04 18:00:10.011019264+00:00,P,25.08,16,"['@', 'F', 'I']",29,C,CCD
2022-05-04 18:00:10.011043328+00:00,P,25.08,4,"['@', 'F', 'I']",30,C,CCD
2022-05-04 18:00:10.011068416+00:00,P,25.08,48,"['@', 'I']",31,C,CCD
2022-05-04 18:00:10.346802730+00:00,D,25.06,100,['@'],22,C,CCD
2022-05-04 18:00:10.444835245+00:00,V,25.06,148,['@'],36,C,CCD
2022-05-04 18:00:10.445333288+00:00,V,25.08,25,"['@', 'I']",37,C,CCD
2022-05-04 18:00:10.445841801+00:00,V,25.08,23,"['@', 'I']",38,C,CCD
2022-05-04 18:03:34.004554+00:00,D,25.08,100,['@'],141,C,CCD
2022-05-04 18:03:34.005000+00:00,D,25.0865,100,['@'],140,C,CCD
2022-05-04 18:04:08.688421530+00:00,Q,25.03,100,"['@', 'F']",75,C,CCD
2022-05-04 18:04:08.688421530+00:00,Q,25.02,1400,"['@', 'F']",76,C,CCD
2022-05-04 18:04:18.480521277+00:00,Q,25.02,100,"['@', 'F']",77,C,CCD
2022-05-04 18:04:18.480525+00:00,Z,25.02,133,"['@', 'F']",12,C,CCD
2022-05-04 18:04:48.078000+00:00,D,25.08,800,['@'],142,C,CCD
2022-05-04 18:04:53.480744+00:00,Z,25.03,100,"['@', 'F']",13,C,CCD
2022-05-04 18:04:53.480744+00:00,Z,25.02,13,"['@', 'F', 'I']",14,C,CCD
2022-05-04 18:04:53.480747+00:00,J,25.02,100,"['@', 'F']",14,C,CCD
2022-05-04 18:06:29.035158861+00:00,Q,25.02,80,"['@', 'I']",78,C,CCD
2022-05-04 18:06:29.035323+00:00,Z,25.02,96,"['@', 'F', 'I']",15,C,CCD
2022-05-04 18:06:29.035352+00:00,Z,25.02,217,['@'],16,C,CCD
2022-05-04 18:06:29.035749278+00:00,V,25.02,62,"['@', 'I']",39,C,CCD
2022-05-04 18:06:29.036067679+00:00,Q,25.0,1,"['@', 'F', 'I']",79,C,CCD
2022-05-04 18:06:29.039500578+00:00,Q,25.0,9,"['@', 'F', 'I']",80,C,CCD
2022-05-04 18:06:29.044185342+00:00,D,24.965,100,['@'],23,C,CCD
2022-05-04 18:06:30.011725536+00:00,Q,24.98,1,"['@', 'F', 'I']",81,C,CCD
2022-05-04 18:06:30.012172887+00:00,Q,24.97,10,"['@', 'F', 'I']",82,C,CCD
2022-05-04 18:06:30.014000+00:00,D,24.98,49,"['@', 'I']",24,C,CCD
2022-05-04 18:06:49.379975+00:00,D,24.92,100,['@'],143,C,CCD
2022-05-04 18:07:34.562661+00:00,K,24.9,50,"['@', 'F', 'I']",82,C,CCD
2022-05-04 18:07:34.562795+00:00,K,24.9,150,"['@', 'F']",83,C,CCD
2022-05-04 18:08:18.273182503+00:00,D,24.8854,500,['@'],144,C,CCD
2022-05-04 18:08:33.646169+00:00,K,24.88,100,"['@', 'F']",84,C,CCD
2022-05-04 18:10:17.234668+00:00,K,24.84,100,"['@', 'F']",85,C,CCD
2022-05-04 18:10:34.593598+00:00,K,24.865,100,['@'],86,C,CCD
2022-05-04 18:10:34.593598+00:00,K,24.865,100,['@'],87,C,CCD
2022-05-04 18:10:34.594084261+00:00,Q,24.865,200,['@'],83,C,CCD
2022-05-04 18:10:34.608353671+00:00,D,24.865,100,['@'],25,C,CCD
2022-05-04 18:10:56.618832+00:00,D,24.89,100,['@'],146,C,CCD
2022-05-04 18:10:56.619000+00:00,D,24.8965,100,['@'],145,C,CCD
2022-05-04 18:10:59.767485184+00:00,A,24.9,3,"['@', 'I']",2,C,CCD
2022-05-04 18:11:45.247002003+00:00,U,24.9,123,"['@', 'F']",11,C,CCD
2022-05-04 18:11:45.251088439+00:00,V,24.9,200,['@'],40,C,CCD
2022-05-04 18:11:45.262051239+00:00,V,24.9,125,['@'],41,C,CCD
2022-05-04 18:17:47.651213993+00:00,Q,24.9,400,['@'],84,C,CCD
2022-05-04 18:20:48.126551+00:00,K,24.9,100,['@'],88,C,CCD
2022-05-04 18:20:48.127043+00:00,K,24.9,32,"['@', 'F', 'I']",89,C,CCD
2022-05-04 18:20:48.127065+00:00,K,24.9,16,"['@', 'F', 'I']",90,C,CCD
2022-05-04 18:20:48.139601+00:00,K,24.9,400,"['@', 'F']",91,C,CCD
2022-05-04 18:24:24.124142+00:00,K,24.875,100,['@'],95,C,CCD
2022-05-04 18:24:24.124142+00:00,K,24.875,100,['@'],96,C,CCD
2022-05-04 18:24:24.127889189+00:00,D,24.875,100,['@'],26,C,CCD
2022-05-04 18:25:41.013880+00:00,K,24.85,50,"['@', 'I']",97,C,CCD
2022-05-04 18:25:41.015142130+00:00,D,24.85,50,"['@', 'I']",147,C,CCD
2022-05-04 18:26:13.522756685+00:00,D,24.875,200,['@'],148,C,CCD
2022-05-04 18:27:45.041987515+00:00,H,24.9,129,"['@', 'F']",2,C,CCD
2022-05-04 18:27:45.042008469+00:00,U,24.9,200,"['@', 'F']",12,C,CCD
2022-05-04 18:27:45.042044+00:00,Z,24.9,116,"['@', 'F']",17,C,CCD
2022-05-04 18:27:45.042044+00:00,Z,24.9,100,"['@', 'F']",18,C,CCD
2022-05-04 18:27:45.042060100+00:00,U,24.9,68,"['@', 'F', 'I']",13,C,CCD
2022-05-04 18:27:45.042099242+00:00,Q,24.9,32,"['@', 'F', 'I']",87,C,CCD
2022-05-04 18:27:45.042104820+00:00,Q,24.9,16,"['@', 'F', 'I']",88,C,CCD
2022-05-04 18:27:45.042113948+00:00,Q,24.9,43,"['@', 'F', 'I']",89,C,CCD
2022-05-04 18:27:45.042113948+00:00,Q,24.9,21,"['@', 'F', 'I']",90,C,CCD
2022-05-04 18:27:45.042116377+00:00,Q,24.9,79,"['@', 'F', 'I']",91,C,CCD
2022-05-04 18:27:45.042137052+00:00,D,24.875,100,['@'],149,C,CCD
2022-05-04 18:27:45.045033984+00:00,P,24.9,80,"['@', 'F', 'I']",32,C,CCD
2022-05-04 18:27:45.045042176+00:00,P,24.9,32,"['@', 'F', 'I']",33,C,CCD
2022-05-04 18:27:45.045049088+00:00,P,24.9,21,"['@', 'F', 'I']",34,C,CCD
2022-05-04 18:27:45.045098240+00:00,P,24.9,30,"['@', 'I']",35,C,CCD
2022-05-04 18:28:10.179696+00:00,D,24.895,842,['@'],150,C,CCD
2022-05-04 18:28:21.452000+00:00,D,24.8847,100,['@'],151,C,CCD
2022-05-04 18:28:40.390737+00:00,K,24.895,100,['@'],98,C,CCD
2022-05-04 18:28:40.440000+00:00,D,24.8509,4,"['@', 'I']",152,C,CCD
2022-05-04 18:29:03.592762106+00:00,Q,24.94,21,"['@', 'F', 'I']",92,C,CCD
2022-05-04 18:29:03.592972950+00:00,Q,24.94,79,"['@', 'F', 'I']",93,C,CCD
2022-05-04 18:29:03.593201920+00:00,N,24.93,100,['@'],2,C,CCD
2022-05-04 18:29:03.593258617+00:00,Q,24.96,67,"['@', 'F', 'I']",94,C,CCD
2022-05-04 18:29:03.803982+00:00,K,24.92,100,['@'],99,C,CCD
2022-05-04 18:30:34.495000+00:00,D,24.92,1,"['@', 'I']",154,C,CCD
2022-05-04 18:30:35.176773224+00:00,Q,24.9,1,"['@', 'F', 'I']",96,C,CCD
2022-05-04 18:30:35.177000+00:00,D,24.9,1,"['@', 'I']",155,C,CCD
2022-05-04 18:30:35.177316356+00:00,Q,24.89,1,"['@', 'F', 'I']",97,C,CCD
2022-05-04 18:30:35.178000+00:00,D,24.89,11,"['@', 'I']",156,C,CCD
2022-05-04 18:32:23.376680224+00:00,D,24.895,120,['@'],157,C,CCD
2022-05-04 18:32:44.968940665+00:00,Q,24.895,10,"['@', 'I']",108,C,CCD
2022-05-04 18:33:40.328746954+00:00,D,24.9338,50,"['@', 'I']",158,C,CCD
2022-05-04 18:34:02.280353+00:00,K,24.84,100,['@'],101,C,CCD
2022-05-04 18:34:02.280398+00:00,D,24.84,100,['@'],159,C,CCD
2022-05-04 18:34:02.280435443+00:00,Q,24.84,100,['@'],109,C,CCD
2022-05-04 18:34:02.280626287+00:00,V,24.84,100,['@'],42,C,CCD
2022-05-04 18:34:02.280626287+00:00,V,24.84,100,['@'],43,C,CCD
2022-05-04 18:34:02.281068149+00:00,Q,24.84,100,['@'],110,C,CCD
2022-05-04 18:34:02.293385+00:00,K,24.83,1,"['@', 'I']",102,C,CCD
2022-05-04 18:34:02.293385+00:00,K,24.83,33,"['@', 'I']",103,C,CCD
2022-05-04 18:34:02.293541+00:00,K,24.83,467,"['@', 'F']",104,C,CCD
2022-05-04 18:34:02.293624809+00:00,Q,24.83,100,['@'],111,C,CCD
2022-05-04 18:34:02.293665499+00:00,Q,24.83,100,['@'],112,C,CCD
2022-05-04 18:34:02.293665499+00:00,Q,24.83,100,['@'],113,C,CCD
2022-05-04 18:34:02.293682+00:00,Z,24.83,700,['@'],19,C,CCD
2022-05-04 18:34:02.293761108+00:00,D,24.8301,1,"['@', 'I']",160,C,CCD
2022-05-04 18:34:02.293778432+00:00,P,24.83,700,['@'],37,C,CCD
2022-05-04 18:34:02.293891113+00:00,D,24.8301,33,"['@', 'I']",161,C,CCD
2022-05-04 18:34:02.294044478+00:00,Q,24.81,1,"['@', 'F', 'I']",114,C,CCD
2022-05-04 18:34:02.294300+00:00,K,24.8,100,"['@', 'F']",105,C,CCD
2022-05-04 18:34:02.294365990+00:00,Q,24.8,5,"['@', 'F', 'I']",115,C,CCD
2022-05-04 18:34:02.294365990+00:00,Q,24.8,4,"['@', 'F', 'I']",116,C,CCD
2022-05-04 18:34:02.294798394+00:00,D,24.85,249,['@'],162,C,CCD
2022-05-04 18:34:02.298301+00:00,Z,24.83,600,"['@', 'F']",20,C,CCD
2022-05-04 18:34:02.298379+00:00,K,24.83,200,"['@', 'F']",106,C,CCD
2022-05-04 18:34:02.298418+00:00,K,24.83,100,"['@', 'F']",107,C,CCD
2022-05-04 18:34:02.298455638+00:00,Q,24.83,600,['@'],117,C,CCD
2022-05-04 18:34:02.298497280+00:00,P,24.83,600,['@'],38,C,CCD
2022-05-04 18:34:02.485942459+00:00,D,24.95,500,['@'],163,C,CCD
2022-05-04 18:34:58.237708446+00:00,Q,24.83,100,['@'],118,C,CCD
2022-05-04 18:35:00.209267200+00:00,P,24.83,16,"['@', 'F', 'I']",39,C,CCD
2022-05-04 18:35:00.209275136+00:00,P,24.83,16,"['@', 'F', 'I']",40,C,CCD
2022-05-04 18:35:00.611584768+00:00,P,24.83,16,"['@', 'F', 'I']",41,C,CCD
2022-05-04 18:35:04.021899+00:00,Z,24.83,100,"['@', 'F']",21,C,CCD
2022-05-04 18:35:04.021920+00:00,K,24.83,300,"['@', 'F']",108,C,CCD
2022-05-04 18:35:04.021924+00:00,Z,24.83,200,"['@', 'F']",22,C,CCD
2022-05-04 18:35:04.022028032+00:00,P,24.83,16,"['@', 'F', 'I']",42,C,CCD
2022-05-04 18:35:04.022040832+00:00,P,24.83,30,"['@', 'F', 'I']",43,C,CCD
2022-05-04 18:35:04.022112+00:00,Z,24.83,200,"['@', 'F']",23,C,CCD
2022-05-04 18:35:04.022138+00:00,Z,24.83,100,"['@', 'F']",24,C,CCD
2022-05-04 18:35:04.022216007+00:00,Q,24.83,16,"['@', 'F', 'I']",119,C,CCD
2022-05-04 18:35:04.022286575+00:00,Q,24.83,32,"['@', 'F', 'I']",120,C,CCD
2022-05-04 18:35:04.022286976+00:00,Q,24.83,16,"['@', 'F', 'I']",121,C,CCD
2022-05-04 18:35:04.022338998+00:00,Q,24.83,17,"['@', 'I']",122,C,CCD
2022-05-04 18:35:04.022360794+00:00,Q,24.83,16,"['@', 'F', 'I']",123,C,CCD
2022-05-04 18:35:04.022582059+00:00,Q,24.83,57,"['@', 'I']",124,C,CCD
2022-05-04 18:35:04.022588145+00:00,Q,24.83,134,"['@', 'F']",125,C,CCD
2022-05-04 18:35:04.022591734+00:00,Q,24.83,16,"['@', 'F', 'I']",126,C,CCD
2022-05-04 18:35:04.022837366+00:00,Q,24.83,12,"['@', 'I']",127,C,CCD
2022-05-04 18:35:04.023005383+00:00,Q,24.83,25,"['@', 'F', 'I']",128,C,CCD
2022-05-04 18:35:04.023082558+00:00,Q,24.83,12,"['@', 'I']",129,C,CCD
2022-05-04 18:35:04.024953600+00:00,P,24.83,506,"['@', 'F']",44,C,CCD
2022-05-04 18:35:04.025317978+00:00,Q,24.83,147,['@'],130,C,CCD
2022-05-04 18:35:04.025914+00:00,K,24.83,100,"['@', 'F']",109,C,CCD
2022-05-04 18:35:04.026059522+00:00,D,24.83,4631,['@'],164,C,CCD
2022-05-04 18:36:34.963627+00:00,D,24.86,3,"['@', 'I']",1,C,CCD
2022-05-04 18:36:38.481884343+00:00,Q,24.86,100,['@'],131,C,CCD
2022-05-04 18:36:38.482029879+00:00,Q,24.86,200,['@'],132,C,CCD
2022-05-04 18:36:43.521000+00:00,D,24.85,5,"['@', 'I']",27,C,CCD
2022-05-04 18:38:21.366638+00:00,D,24.78,100,['@'],165,C,CCD
2022-05-04 18:40:15.276000+00:00,D,24.7801,9,"['@', 'I']",166,C,CCD
2022-05-04 18:42:02.158685857+00:00,Q,24.89,53,"['@', 'I']",133,C,CCD
2022-05-04 18:42:02.158685857+00:00,Q,24.9,47,"['@', 'I']",134,C,CCD
2022-05-04 18:42:02.158927104+00:00,N,24.89,2,"['@', 'F', 'I']",3,C,CCD
2022-05-04 18:42:02.159196910+00:00,V,24.9,25,"['@', 'I']",44,C,CCD
2022-05-04 18:43:02.413180883+00:00,Q,24.85,200,['@'],135,C,CCD
2022-05-04 18:43:02.416323420+00:00,D,24.85,100,['@'],28,C,CCD
2022-05-04 18:43:02.437811163+00:00,V,24.85,100,['@'],45,C,CCD
2022-05-04 18:43:30.863993010+00:00,Q,24.9,100,['@'],136,C,CCD
2022-05-04 18:45:10.491423232+00:00,M,24.97,124,"['@', 'F']",2,C,CCD
2022-05-04 18:45:10.491423232+00:00,M,24.97,143,"['@', 'F']",3,C,CCD
2022-05-04 18:45:10.493875456+00:00,M,24.97,122,"['@', 'F']",4,C,CCD
2022-05-04 18:47:42.184217600+00:00,P,25.05,100,['@'],45,C,CCD
2022-05-04 18:47:42.184277504+00:00,P,25.05,100,['@'],46,C,CCD
2022-05-04 18:49:03.110038358+00:00,Q,25.04,100,['@'],140,C,CCD
2022-05-04 18:49:03.110070954+00:00,Q,25.04,32,"['@', 'F', 'I']",141,C,CCD
2022-05-04 18:49:03.110073010+00:00,Q,25.04,14,"['@', 'I']",142,C,CCD
2022-05-04 18:49:03.110102724+00:00,Q,25.04,16,"['@', 'F', 'I']",143,C,CCD
2022-05-04 18:51:01.314441509+00:00,D,25.005,100,['@'],29,C,CCD
2022-05-04 18:51:31.041748736+00:00,P,25.06,100,['@'],47,C,CCD
2022-05-04 18:52:35.755380884+00:00,D,25.0442,16,"['@', 'I']",30,C,CCD
2022-05-04 18:52:56.459764736+00:00,P,25.04,2,"['@', 'F', 'I']",48,C,CCD
2022-05-04 18:55:25.612846830+00:00,Q,25.07,100,"['@', 'F']",144,C,CCD
2022-05-04 18:55:25.612866048+00:00,P,25.06,200,"['@', 'F']",49,C,CCD
2022-05-04 18:55:25.613030+00:00,Z,25.09,100,"['@', 'F']",25,C,CCD
2022-05-04 18:56:25.689321683+00:00,D,25.05,100,['@'],31,C,CCD
2022-05-04 18:56:28.534876160+00:00,P,25.11,32,"['@', 'F', 'I']",50,C,CCD
2022-05-04 18:56:28.534884352+00:00,P,25.11,16,"['@', 'F', 'I']",51,C,CCD
2022-05-04 18:56:28.534939904+00:00,P,25.11,39,"['@', 'I']",52,C,CCD
2022-05-04 18:56:28.535022190+00:00,U,25.11,117,"['@', 'F']",14,C,CCD
2022-05-04 18:56:28.535144192+00:00,P,25.11,13,"['@', 'F', 'I']",53,C,CCD
2022-05-04 18:56:28.535144192+00:00,P,25.11,133,"['@', 'F']",54,C,CCD
2022-05-04 18:56:28.535144192+00:00,P,25.11,100,"['@', 'F']",55,C,CCD
2022-05-04 18:56:28.536333824+00:00,P,25.14,31,"['@', 'I']",56,C,CCD
2022-05-04 18:56:28.538147750+00:00,Q,25.12,86,"['@', 'I']",145,C,CCD
2022-05-04 18:56:28.538331321+00:00,Q,25.12,37,"['@', 'F', 'I']",146,C,CCD
2022-05-04 18:56:36.651845082+00:00,Q,25.16,100,['@'],147,C,CCD
2022-05-04 18:57:16.271519744+00:00,P,25.18,169,"['@', 'F']",57,C,CCD
2022-05-04 18:57:52.106646316+00:00,U,25.16,4,"['@', 'F', 'I']",15,C,CCD
2022-05-04 18:59:50.554717+00:00,D,25.19,25,"['@', 'I']",167,C,CCD
2022-05-04 18:59:50.559408+00:00,Z,25.17,200,"['@', 'F']",26,C,CCD
2022-05-04 19:00:15.508000+00:00,D,25.2104,47,"['@', 'I']",32,C,CCD
2022-05-04 19:01:07.506991872+00:00,P,25.17,150,['@'],58,C,CCD
2022-05-04 19:04:25.748000+00:00,D,25.18,100,['@'],168,C,CCD
2022-05-04 19:04:25.748938652+00:00,V,25.18,100,['@'],49,C,CCD
2022-05-04 19:04:25.749000+00:00,D,25.18,100,['@'],169,C,CCD
2022-05-04 19:04:25.749563764+00:00,V,25.18,100,['@'],50,C,CCD
2022-05-04 19:04:55.750000+00:00,D,25.18,100,['@'],170,C,CCD
2022-05-04 19:04:55.750000+00:00,D,25.18,100,['@'],171,C,CCD
2022-05-04 19:04:55.750483284+00:00,V,25.18,100,['@'],51,C,CCD
2022-05-04 19:04:55.751099617+00:00,V,25.18,100,['@'],52,C,CCD
2022-05-04 19:05:17.859722+00:00,D,25.17,25,"['@', 'I']",172,C,CCD
2022-05-04 19:05:25.751000+00:00,D,25.16,100,['@'],173,C,CCD
2022-05-04 19:05:25.752000+00:00,D,25.16,300,['@'],174,C,CCD
2022-05-04 19:05:55.754533862+00:00,V,25.16,100,['@'],53,C,CCD
2022-05-04 19:06:42.377900336+00:00,D,25.1559,4,"['@', 'I']",175,C,CCD
2022-05-04 19:07:57.607598+00:00,D,25.1,100,['@'],176,C,CCD
2022-05-04 19:08:01.587561516+00:00,D,25.13,11,"['@', 'I']",177,C,CCD
2022-05-04 19:09:29.919041+00:00,D,25.1475,200,['@'],181,C,CCD
2022-05-04 19:09:29.919089+00:00,D,25.16,100,['@'],183,C,CCD
2022-05-04 19:09:29.920000+00:00,D,25.16,7,"['@', 'I']",178,C,CCD
2022-05-04 19:09:29.921381+00:00,D,25.16,25,"['@', 'I']",179,C,CCD
2022-05-04 19:09:29.921384+00:00,D,25.15,100,['@'],180,C,CCD
2022-05-04 19:09:29.927186+00:00,D,25.16,68,"['@', 'I']",182,C,CCD
2022-05-04 19:09:31.488824+00:00,D,25.16,3,"['@', 'I']",184,C,CCD
2022-05-04 19:09:31.488867+00:00,D,25.16,22,"['@', 'I']",185,C,CCD
2022-05-04 19:09:31.493064960+00:00,P,25.16,200,"['@', 'F']",59,C,CCD
2022-05-04 19:09:31.494303232+00:00,P,25.17,57,"['@', 'I']",60,C,CCD
2022-05-04 19:09:31.494313472+00:00,P,25.17,43,"['@', 'I']",61,C,CCD
2022-05-04 19:09:31.494710714+00:00,V,25.17,200,['@'],54,C,CCD
2022-05-04 19:09:36.077460+00:00,K,25.175,100,['@'],111,C,CCD
2022-05-04 19:09:43.540274+00:00,K,25.17,200,"['@', 'F']",112,C,CCD
2022-05-04 19:09:43.540292864+00:00,P,25.17,200,"['@', 'F']",62,C,CCD
2022-05-04 19:09:43.540317748+00:00,Q,25.17,196,"['@', 'F']",148,C,CCD
2022-05-04 19:09:43.540469+00:00,Z,25.17,132,['@'],27,C,CCD
2022-05-04 19:09:43.540475+00:00,K,25.17,3,"['@', 'I']",113,C,CCD
2022-05-04 19:09:43.540522548+00:00,Q,25.17,9,"['@', 'I']",149,C,CCD
2022-05-04 19:09:43.540522548+00:00,Q,25.17,172,['@'],150,C,CCD
2022-05-04 19:09:43.540556329+00:00,Q,25.17,33,"['@', 'F', 'I']",151,C,CCD
2022-05-04 19:09:43.540662784+00:00,P,25.17,5,"['@', 'I']",63,C,CCD
2022-05-04 19:09:43.540672+00:00,Z,25.17,42,"['@', 'F', 'I']",28,C,CCD
2022-05-04 19:09:43.540683+00:00,K,25.17,2,"['@', 'F', 'I']",114,C,CCD
2022-05-04 19:09:43.540683+00:00,K,25.17,3,"['@', 'F', 'I']",115,C,CCD
2022-05-04 19:09:43.542691+00:00,Z,25.17,31,"['@', 'F', 'I']",29,C,CCD
2022-05-04 19:09:49.406085242+00:00,Q,25.18,17,"['@', 'I']",152,C,CCD
2022-05-04 19:09:52.630308864+00:00,P,25.2,2,"['@', 'I']",64,C,CCD
2022-05-04 19:09:53.439112326+00:00,U,25.19,48,"['@', 'F', 'I']",16,C,CCD
2022-05-04 19:09:53.439126413+00:00,U,25.19,16,"['@', 'F', 'I']",17,C,CCD
2022-05-04 19:10:04.547749741+00:00,Q,25.19,134,"['@', 'F']",153,C,CCD
2022-05-04 19:10:07.583857+00:00,D,25.22,25,"['@', 'I']",186,C,CCD
2022-05-04 19:10:55.615015350+00:00,D,25.185,1,"['@', 'I']",187,C,CCD
2022-05-04 19:11:21.594642+00:00,K,25.19,100,['@'],116,C,CCD
2022-05-04 19:11:21.601667775+00:00,Q,25.19,100,['@'],154,C,CCD
2022-05-04 19:11:30.778000+00:00,D,25.19,200,['@'],188,C,CCD
2022-05-04 19:11:52.690000+00:00,K,25.19,100,['@'],117,C,CCD
2022-05-04 19:11:52.690920834+00:00,Q,25.19,23,"['@', 'I']",155,C,CCD
2022-05-04 19:11:52.693319+00:00,K,25.19,3,"['@', 'I']",118,C,CCD
2022-05-04 19:11:52.697955489+00:00,V,25.17,1,"['@', 'I']",55,C,CCD
2022-05-04 19:11:52.698369051+00:00,D,25.1617,160,['@'],189,C,CCD
2022-05-04 19:11:52.698423498+00:00,D,25.1617,25,"['@', 'I']",190,C,CCD
2022-05-04 19:13:01.969577+00:00,K,25.19,100,['@'],119,C,CCD
2022-05-04 19:17:41.307649+00:00,K,25.2,100,['@'],120,C,CCD
2022-05-04 19:17:41.340040+00:00,K,25.2,100,['@'],121,C,CCD
2022-05-04 19:18:12.729393+00:00,D,25.22,100,['@'],193,C,CCD
2022-05-04 19:18:12.730709+00:00,D,25.22,25,"['@', 'I']",191,C,CCD
2022-05-04 19:18:12.735735+00:00,D,25.22,75,"['@', 'I']",192,C,CCD
2022-05-04 19:19:07.685002849+00:00,Q,25.2,100,['@'],156,C,CCD
2022-05-04 19:26:56.801892+00:00,K,25.2,100,"['@', 'F']",122,C,CCD
2022-05-04 19:26:56.802027+00:00,K,25.2,133,['@'],123,C,CCD
2022-05-04 19:26:56.802150+00:00,Z,25.2,233,['@'],30,C,CCD
2022-05-04 19:26:56.802201500+00:00,Q,25.2,155,['@'],157,C,CCD
2022-05-04 19:26:56.802225698+00:00,Q,25.2,78,"['@', 'I']",158,C,CCD
2022-05-04 19:26:56.802225698+00:00,Q,25.2,233,['@'],159,C,CCD
2022-05-04 19:26:56.802233590+00:00,U,25.2,10,"['@', 'I']",18,C,CCD
2022-05-04 19:26:56.802243072+00:00,P,25.2,233,['@'],65,C,CCD
2022-05-04 19:26:56.804430+00:00,K,25.185,100,['@'],124,C,CCD
2022-05-04 19:26:56.806005436+00:00,Q,25.16,100,"['@', 'F']",160,C,CCD
2022-05-04 19:26:56.806005436+00:00,Q,25.15,48,"['@', 'F', 'I']",161,C,CCD
2022-05-04 19:27:05.600550808+00:00,D,25.2189,100,['@'],194,C,CCD
2022-05-04 19:27:25.121670195+00:00,V,25.19,200,['@'],56,C,CCD
2022-05-04 19:27:25.122307588+00:00,V,25.19,200,['@'],57,C,CCD
2022-05-04 19:27:55.824069176+00:00,V,25.19,200,['@'],58,C,CCD
2022-05-04 19:27:59.072587+00:00,K,25.175,100,['@'],125,C,CCD
2022-05-04 19:27:59.072587+00:00,K,25.175,100,['@'],126,C,CCD
2022-05-04 19:28:02.501650432+00:00,P,25.18,100,"['@', 'F']",66,C,CCD
2022-05-04 19:28:03.291524612+00:00,Q,25.19,41,"['@', 'F', 'I']",162,C,CCD
2022-05-04 19:28:21.633000+00:00,D,25.205,26,"['@', 'I']",195,C,CCD
2022-05-04 19:28:21.638096+00:00,K,25.19,129,"['@', 'F']",127,C,CCD
2022-05-04 19:30:01.611315+00:00,D,25.22,100,['@'],197,C,CCD
2022-05-04 19:30:01.613378+00:00,D,25.22,25,"['@', 'I']",196,C,CCD
2022-05-04 19:30:01.615161088+00:00,P,25.22,100,"['@', 'F']",67,C,CCD
2022-05-04 19:30:01.615161088+00:00,P,25.22,75,"['@', 'F', 'I']",68,C,CCD
2022-05-04 19:30:01.615473664+00:00,P,25.22,25,"['@', 'F', 'I']",69,C,CCD
2022-05-04 19:30:01.615473664+00:00,P,25.22,100,"['@', 'F']",70,C,CCD
2022-05-04 19:30:01.617065500+00:00,V,25.215,200,['@'],59,C,CCD
2022-05-04 19:30:16.709536+00:00,K,25.215,100,['@'],128,C,CCD
2022-05-04 19:31:51.182135+00:00,K,25.24,116,"['@', 'F']",129,C,CCD
2022-05-04 19:31:51.182203764+00:00,Q,25.24,84,"['@', 'F', 'I']",163,C,CCD
2022-05-04 19:31:51.182213735+00:00,Q,25.24,116,"['@', 'F']",164,C,CCD
2022-05-04 19:31:51.182253568+00:00,P,25.24,155,"['@', 'F']",71,C,CCD
2022-05-04 19:31:51.182271488+00:00,A,25.24,129,"['@', 'F']",3,C,CCD
2022-05-04 19:31:51.182303232+00:00,P,25.24,45,"['@', 'I']",72,C,CCD
2022-05-04 19:31:51.182813+00:00,K,25.25,100,['@'],130,C,CCD
2022-05-04 19:31:51.184601600+00:00,A,25.24,130,"['@', 'F']",4,C,CCD
2022-05-04 19:31:51.187927526+00:00,X,25.24,16,"['@', 'F', 'I']",5,C,CCD
2022-05-04 19:31:51.232412+00:00,D,25.24,25,"['@', 'I']",198,C,CCD
2022-05-04 19:31:51.232723041+00:00,V,25.24,100,['@'],60,C,CCD
2022-05-04 19:31:51.636265992+00:00,X,25.24,16,"['@', 'F', 'I']",6,C,CCD
2022-05-04 19:31:51.637528177+00:00,X,25.24,84,"['@', 'F', 'I']",7,C,CCD
2022-05-04 19:32:43.166394+00:00,K,25.27,100,['@'],131,C,CCD
2022-05-04 19:32:53.085716216+00:00,V,25.27,100,['@'],61,C,CCD
2022-05-04 19:35:02.838000+00:00,D,25.2838,593,['@'],199,C,CCD
2022-05-04 19:35:14.179567+00:00,K,25.3,8,"['@', 'I']",132,C,CCD
2022-05-04 19:35:14.179861760+00:00,P,25.3,100,"['@', 'F']",73,C,CCD
2022-05-04 19:35:14.180052+00:00,K,25.3,6,"['@', 'F', 'I']",133,C,CCD
2022-05-04 19:35:14.180193+00:00,K,25.3,288,['@'],134,C,CCD
2022-05-04 19:35:14.180295+00:00,K,25.3,198,"['@', 'F']",135,C,CCD
2022-05-04 19:35:14.690707282+00:00,D,25.28,100,['@'],33,C,CCD
2022-05-04 19:39:25.443520950+00:00,D,25.3061,25,"['@', 'I']",200,C,CCD
2022-05-04 19:41:36.835905722+00:00,D,25.32,337,['@'],201,C,CCD
2022-05-04 19:42:57.421830+00:00,D,25.27,100,['@'],202,C,CCD
2022-05-04 19:42:57.422186+00:00,D,25.26,100,['@'],203,C,CCD
2022-05-04 19:42:57.422468+00:00,Y,25.26,100,['@'],2,C,CCD
2022-05-04 19:43:04.798194+00:00,K,25.29,100,['@'],136,C,CCD
2022-05-04 19:43:04.801048+00:00,K,25.26,141,"['@', 'F']",137,C,CCD
2022-05-04 19:43:04.801595+00:00,Z,25.26,33,"['@', 'I']",31,C,CCD
2022-05-04 19:43:11.386471596+00:00,D,25.27,25,"['@', 'I']",204,C,CCD
2022-05-04 19:44:58.392740+00:00,K,25.26,100,"['@', 'F']",138,C,CCD
2022-05-04 19:45:55.631967+00:00,K,25.26,40,"['@', 'F', 'I']",139,C,CCD
2022-05-04 19:45:55.632075008+00:00,P,25.27,60,"['@', 'F', 'I']",74,C,CCD
2022-05-04 19:46:40.978713+00:00,K,25.26,100,"['@', 'F']",140,C,CCD
2022-05-04 19:46:40.981665+00:00,K,25.26,60,"['@', 'F', 'I']",141,C,CCD
2022-05-04 19:46:40.981665+00:00,K,25.26,40,"['@', 'F', 'I']",142,C,CCD
2022-05-04 19:46:40.981694720+00:00,P,25.26,42,"['@', 'F', 'I']",75,C,CCD
2022-05-04 19:46:51.043457+00:00,K,25.29,100,['@'],143,C,CCD
2022-05-04 19:47:15.224006+00:00,Z,25.27,217,"['@', 'F']",32,C,CCD
2022-05-04 19:47:15.224013+00:00,K,25.27,217,"['@', 'F']",144,C,CCD
2022-05-04 19:47:15.224062589+00:00,Q,25.27,217,"['@', 'F']",165,C,CCD
2022-05-04 19:47:15.224062589+00:00,Q,25.27,217,"['@', 'F']",166,C,CCD
2022-05-04 19:47:15.224107008+00:00,P,25.27,217,"['@', 'F']",76,C,CCD
2022-05-04 19:47:15.224898218+00:00,Q,25.27,100,"['@', 'F']",167,C,CCD
2022-05-04 19:47:15.224901790+00:00,Q,25.22,600,"['@', 'F']",168,C,CCD
2022-05-04 19:47:15.225063+00:00,Z,25.25,315,"['@', 'F']",33,C,CCD
2022-05-04 19:47:15.226664+00:00,K,25.255,100,['@'],145,C,CCD
2022-05-04 19:47:15.227870+00:00,Z,25.22,200,"['@', 'F']",34,C,CCD
2022-05-04 19:47:15.227870+00:00,Z,25.22,6,"['@', 'F', 'I']",35,C,CCD
2022-05-04 19:47:15.230941+00:00,Z,25.22,191,"['@', 'F']",36,C,CCD
2022-05-04 19:47:24.899000+00:00,D,25.275,200,['@'],205,C,CCD
2022-05-04 19:47:24.900000+00:00,D,25.275,399,['@'],206,C,CCD
2022-05-04 19:47:50.422682+00:00,Z,25.24,224,"['@', 'F']",37,C,CCD
2022-05-04 19:47:50.422682+00:00,Z,25.24,76,"['@', 'F', 'I']",38,C,CCD
2022-05-04 19:47:50.422738+00:00,K,25.25,100,"['@', 'F']",146,C,CCD
2022-05-04 19:47:50.422738+00:00,K,25.24,224,"['@', 'F']",147,C,CCD
2022-05-04 19:47:50.422738+00:00,K,25.24,76,"['@', 'F', 'I']",148,C,CCD
2022-05-04 19:47:50.422748391+00:00,Q,25.25,100,"['@', 'F']",169,C,CCD
2022-05-04 19:47:50.422748391+00:00,Q,25.24,224,"['@', 'F']",170,C,CCD
2022-05-04 19:47:50.422748391+00:00,Q,25.24,176,"['@', 'F']",171,C,CCD
2022-05-04 19:47:50.422790400+00:00,P,25.25,100,"['@', 'F']",77,C,CCD
2022-05-04 19:47:50.422790400+00:00,P,25.24,200,"['@', 'F']",78,C,CCD
2022-05-04 19:47:50.452417125+00:00,Q,25.24,48,"['@', 'F', 'I']",172,C,CCD
2022-05-04 19:47:50.452417125+00:00,Q,25.23,100,"['@', 'F']",173,C,CCD
2022-05-04 19:47:50.452417125+00:00,Q,25.22,317,"['@', 'F']",174,C,CCD
2022-05-04 19:47:55.889542059+00:00,V,25.26,1,"['@', 'I']",62,C,CCD
2022-05-04 19:48:27.552302+00:00,D,25.23,100,['@'],207,C,CCD
2022-05-04 19:48:41.915911338+00:00,Q,25.24,100,['@'],175,C,CCD
2022-05-04 19:49:18.792156+00:00,D,25.24,100,['@'],208,C,CCD
2022-05-04 19:49:45.987986+00:00,K,25.26,149,"['@', 'F']",149,C,CCD
2022-05-04 19:50:10.981548+00:00,K,25.26,100,"['@', 'F']",150,C,CCD
2022-05-04 19:50:16.432190548+00:00,Q,25.3,7,"['@', 'I']",176,C,CCD
2022-05-04 19:50:23.593115+00:00,K,25.29,200,"['@', 'F']",151,C,CCD
2022-05-04 19:50:23.593148493+00:00,Q,25.29,135,"['@', 'F']",177,C,CCD
2022-05-04 19:50:23.593162240+00:00,P,25.29,200,"['@', 'F']",79,C,CCD
2022-05-04 19:51:04.572000+00:00,D,25.286,18,"['@', 'I']",209,C,CCD
2022-05-04 19:51:04.573000+00:00,D,25.292,1,"['@', 'I']",34,C,CCD
2022-05-04 19:51:06.429048+00:00,K,25.28,100,"['@', 'F']",152,C,CCD
2022-05-04 19:52:00.669773+00:00,K,25.28,100,"['@', 'F']",153,C,CCD
2022-05-04 19:52:36.850685+00:00,K,25.29,109,['@'],154,C,CCD
2022-05-04 19:53:46.152907+00:00,K,25.29,100,"['@', 'F']",155,C,CCD
2022-05-04 19:54:20.127506592+00:00,Q,25.3,4,"['@', 'I']",178,C,CCD
2022-05-04 19:54:20.127507027+00:00,Q,25.3,4,"['@', 'I']",179,C,CCD
2022-05-04 19:54:20.127508782+00:00,Q,25.3,4,"['@', 'I']",180,C,CCD
2022-05-04 19:54:20.127509255+00:00,Q,25.3,4,"['@', 'I']",181,C,CCD
2022-05-04 19:54:20.127509787+00:00,Q,25.3,4,"['@', 'I']",182,C,CCD
2022-05-04 19:54:20.127510250+00:00,Q,25.3,4,"['@', 'I']",183,C,CCD
2022-05-04 19:54:20.127510614+00:00,Q,25.3,4,"['@', 'I']",184,C,CCD
2022-05-04 19:54:20.127510960+00:00,Q,25.3,4,"['@', 'I']",185,C,CCD
2022-05-04 19:54:20.127511422+00:00,Q,25.3,4,"['@', 'I']",186,C,CCD
2022-05-04 19:54:20.127512393+00:00,Q,25.3,4,"['@', 'I']",187,C,CCD
2022-05-04 19:54:20.127512690+00:00,Q,25.3,4,"['@', 'I']",188,C,CCD
2022-05-04 19:54:20.127513133+00:00,Q,25.3,4,"['@', 'I']",189,C,CCD
2022-05-04 19:54:20.127613+00:00,K,25.3,4,"['@', 'I']",156,C,CCD
2022-05-04 19:54:20.127615+00:00,Z,25.3,4,"['@', 'I']",39,C,CCD
2022-05-04 19:54:20.127627+00:00,Z,25.3,4,"['@', 'I']",40,C,CCD
2022-05-04 19:54:20.127635+00:00,K,25.3,4,"['@', 'I']",157,C,CCD
2022-05-04 19:54:20.127712512+00:00,P,25.3,4,"['@', 'I']",80,C,CCD
2022-05-04 19:54:20.127721472+00:00,P,25.3,4,"['@', 'I']",81,C,CCD
2022-05-04 19:54:30.128432291+00:00,Q,25.3,4,"['@', 'I']",190,C,CCD
2022-05-04 19:54:30.128432706+00:00,Q,25.3,4,"['@', 'I']",191,C,CCD
2022-05-04 19:54:30.128433132+00:00,Q,25.3,4,"['@', 'I']",192,C,CCD
2022-05-04 19:54:30.128434349+00:00,Q,25.3,4,"['@', 'I']",193,C,CCD
2022-05-04 19:54:30.128434939+00:00,Q,25.3,4,"['@', 'I']",194,C,CCD
2022-05-04 19:54:30.128435399+00:00,Q,25.3,4,"['@', 'I']",195,C,CCD
2022-05-04 19:54:30.128435733+00:00,Q,25.3,4,"['@', 'I']",196,C,CCD
2022-05-04 19:54:30.128436071+00:00,Q,25.3,4,"['@', 'I']",197,C,CCD
2022-05-04 19:54:30.128436434+00:00,Q,25.3,4,"['@', 'I']",198,C,CCD
2022-05-04 19:54:30.128436733+00:00,Q,25.3,4,"['@', 'I']",199,C,CCD
2022-05-04 19:54:30.128439270+00:00,Q,25.3,4,"['@', 'I']",200,C,CCD
2022-05-04 19:54:30.128439672+00:00,Q,25.3,4,"['@', 'I']",201,C,CCD
2022-05-04 19:54:30.128541+00:00,Z,25.3,4,"['@', 'I']",41,C,CCD
2022-05-04 19:54:30.128552+00:00,K,25.3,4,"['@', 'I']",158,C,CCD
2022-05-04 19:54:30.128562+00:00,Z,25.3,4,"['@', 'I']",42,C,CCD
2022-05-04 19:54:30.128581+00:00,K,25.3,4,"['@', 'I']",159,C,CCD
2022-05-04 19:54:30.128637440+00:00,P,25.3,4,"['@', 'I']",82,C,CCD
2022-05-04 19:54:30.128645888+00:00,P,25.3,4,"['@', 'I']",83,C,CCD
2022-05-04 19:54:38.385939+00:00,D,25.3,100,['@'],210,C,CCD
2022-05-04 19:54:38.389933123+00:00,V,25.3,8,"['@', 'I']",63,C,CCD
2022-05-04 19:54:44.836508207+00:00,D,25.28,100,['@'],35,C,CCD
2022-05-04 19:55:19.610605+00:00,K,25.26,100,"['@', 'F']",160,C,CCD
2022-05-04 19:55:19.613225113+00:00,Q,25.26,100,['@'],202,C,CCD
2022-05-04 19:55:19.613473792+00:00,P,25.26,48,"['@', 'I']",84,C,CCD
2022-05-04 19:55:19.613759066+00:00,Q,25.26,63,"['@', 'F', 'I']",203,C,CCD
2022-05-04 19:55:24.770924579+00:00,Q,25.26,3,"['@', 'I']",204,C,CCD
2022-05-04 19:55:45.405252991+00:00,Q,25.27,21,"['@', 'F', 'I']",205,C,CCD
2022-05-04 19:55:45.405327919+00:00,Q,25.27,21,"['@', 'F', 'I']",206,C,CCD
2022-05-04 19:55:45.405342605+00:00,Q,25.27,21,"['@', 'F', 'I']",207,C,CCD
2022-05-04 19:55:45.421733727+00:00,Q,25.27,21,"['@', 'F', 'I']",208,C,CCD
2022-05-04 19:56:16.855040+00:00,K,25.26,100,"['@', 'F']",161,C,CCD
2022-05-04 19:56:16.855254528+00:00,P,25.26,34,"['@', 'F', 'I']",85,C,CCD
2022-05-04 19:56:16.855262464+00:00,P,25.26,3,"['@', 'F', 'I']",86,C,CCD
2022-05-04 19:56:23.721692822+00:00,D,25.26,100,['@'],211,C,CCD
2022-05-04 19:56:23.724475904+00:00,P,25.26,113,"['@', 'F']",87,C,CCD
2022-05-04 19:56:28.911189504+00:00,P,25.26,71,"['@', 'I']",88,C,CCD
2022-05-04 19:56:47.963642+00:00,K,25.26,100,"['@', 'F']",162,C,CCD
2022-05-04 19:57:03.720706820+00:00,D,25.265,100,['@'],36,C,CCD
2022-05-04 19:57:16.065751+00:00,K,25.25,100,"['@', 'F']",163,C,CCD
2022-05-04 19:57:47.203434+00:00,K,25.26,100,"['@', 'F']",164,C,CCD
2022-05-04 19:58:17.918511145+00:00,Q,25.28,300,"['@', 'F']",209,C,CCD
2022-05-04 19:58:17.918511145+00:00,Q,25.28,300,"['@', 'F']",210,C,CCD
2022-05-04 19:58:17.918511145+00:00,Q,25.28,300,"['@', 'F']",211,C,CCD
2022-05-04 19:58:17.918580434+00:00,Q,25.28,100,['@'],212,C,CCD
2022-05-04 19:58:17.918580434+00:00,Q,25.28,100,['@'],213,C,CCD
2022-05-04 19:58:17.918607658+00:00,Q,25.28,21,"['@', 'F', 'I']",214,C,CCD
2022-05-04 19:58:17.918625541+00:00,Q,25.28,21,"['@', 'F', 'I']",215,C,CCD
2022-05-04 19:58:17.918631290+00:00,D,25.275,100,['@'],212,C,CCD
2022-05-04 19:58:17.918647531+00:00,Q,25.28,158,['@'],216,C,CCD
2022-05-04 19:58:17.918647531+00:00,Q,25.28,200,['@'],217,C,CCD
2022-05-04 19:58:17.918647531+00:00,Q,25.28,21,"['@', 'I']",218,C,CCD
2022-05-04 19:58:17.918688569+00:00,Q,25.28,2,"['@', 'F', 'I']",219,C,CCD
2022-05-04 19:58:17.919643913+00:00,Q,25.28,100,"['@', 'F']",220,C,CCD
2022-05-04 19:58:18.198026979+00:00,D,25.28,100,['@'],213,C,CCD
2022-05-04 19:58:18.199037546+00:00,Q,25.28,121,"['@', 'F']",221,C,CCD
2022-05-04 19:58:18.230478038+00:00,V,25.28,100,['@'],64,C,CCD
2022-05-04 19:58:18.230478038+00:00,V,25.28,200,['@'],65,C,CCD
2022-05-04 19:58:18.230539260+00:00,Q,25.28,79,"['@', 'F', 'I']",222,C,CCD
2022-05-04 19:58:18.230539260+00:00,Q,25.28,100,"['@', 'F']",223,C,CCD
2022-05-04 19:58:18.230539260+00:00,Q,25.28,221,"['@', 'F']",224,C,CCD
2022-05-04 19:58:18.421840116+00:00,Q,25.28,56,"['@', 'F', 'I']",225,C,CCD
2022-05-04 19:58:23.526170570+00:00,Q,25.28,244,"['@', 'F']",226,C,CCD
2022-05-04 19:58:23.526170570+00:00,Q,25.28,300,"['@', 'F']",227,C,CCD
2022-05-04 19:58:23.526446676+00:00,V,25.28,100,['@'],66,C,CCD
2022-05-04 19:58:23.526446676+00:00,V,25.28,200,['@'],67,C,CCD
2022-05-04 19:58:23.527168+00:00,D,25.28,100,['@'],214,C,CCD
2022-05-04 19:58:23.528258790+00:00,U,25.27,248,"['@', 'F']",19,C,CCD
2022-05-04 19:58:36.199316+00:00,K,25.29,100,"['@', 'F']",165,C,CCD
2022-05-04 19:58:36.199495856+00:00,Q,25.29,126,"['@', 'F']",228,C,CCD
2022-05-04 19:58:40.492111375+00:00,Q,25.29,100,['@'],229,C,CCD
2022-05-04 19:59:02.080408329+00:00,D,25.295,100,['@'],215,C,CCD
2022-05-04 19:59:02.082289677+00:00,Q,25.3,113,"['@', 'F']",230,C,CCD
2022-05-04 19:59:02.082312971+00:00,Q,25.3,90,"['@', 'I']",231,C,CCD
2022-05-04 19:59:02.082312971+00:00,Q,25.3,68,"['@', 'I']",232,C,CCD
2022-05-04 19:59:06.124840921+00:00,Q,25.31,202,"['@', 'F']",233,C,CCD
2022-05-04 19:59:06.124863723+00:00,Q,25.31,98,"['@', 'I']",234,C,CCD
2022-05-04 19:59:06.124863723+00:00,Q,25.31,200,['@'],235,C,CCD
2022-05-04 19:59:10.846164+00:00,Z,25.32,21,"['@', 'F', 'I']",43,C,CCD
2022-05-04 19:59:10.846183+00:00,Z,25.32,42,"['@', 'F', 'I']",44,C,CCD
2022-05-04 19:59:10.846194+00:00,Z,25.32,21,"['@', 'F', 'I']",45,C,CCD
2022-05-04 19:59:10.846254+00:00,Z,25.32,116,['@'],46,C,CCD
2022-05-04 19:59:54.493821+00:00,Z,25.31,207,['@'],47,C,CCD
2022-05-04 19:59:54.493821+00:00,Z,25.31,100,['@'],48,C,CCD
2022-05-04 19:59:54.493821+00:00,Z,25.31,111,['@'],49,C,CCD
2022-05-04 19:59:54.494063+00:00,K,25.31,62,"['@', 'F', 'I']",166,C,CCD
2022-05-04 19:59:54.494202818+00:00,Q,25.31,207,"['@', 'F']",236,C,CCD
2022-05-04 19:59:54.494202818+00:00,Q,25.31,207,"['@', 'F']",237,C,CCD
2022-05-04 19:59:55.346361427+00:00,Q,25.3,9,"['@', 'F', 'I']",238,C,CCD
2022-05-04 19:59:55.946438031+00:00,Q,25.3,71,"['@', 'F', 'I']",239,C,CCD
2022-05-04 19:59:56.068034559+00:00,Q,25.3,100,"['@', 'F']",240,C,CCD
2022-05-04 19:59:58.008982183+00:00,Q,25.3,22,"['@', 'I']",241,C,CCD
2022-05-04 19:59:58.068032063+00:00,Q,25.3,100,"['@', 'F']",242,C,CCD
2022-05-04 19:59:58.322685517+00:00,Q,25.31,200,"['@', 'F']",243,C,CCD
2022-05-04 19:59:58.322685517+00:00,Q,25.3,67,"['@', 'F', 'I']",244,C,CCD
2022-05-04 20:00:00.072206848+00:00,P,25.31,200,"['@', 'M']",89,C,CCD
2022-05-04 20:00:00.361181680+00:00,Q,25.3,543,"['@', '6', 'X']",245,C,CCD
2022-05-04 20:00:00.361198053+00:00,Q,25.3,543,"['@', 'M']",246,C,CCD
2022-05-04 11:31:03.408201+00:00,D,12.26,1,"['C', 'T', 'I']",1,C,CHI
2022-05-04 11:31:05.565147+00:00,D,12.26,1,"['C', 'T', 'I']",2,C,CHI
2022-05-04 12:31:32.045309457+00:00,Q,12.46,100,"['@', 'F', 'T']",1,C,CHI
2022-05-04 12:31:32.045338026+00:00,Q,12.5,43,"['@', 'F', 'T', 'I']",2,C,CHI
2022-05-04 12:31:32.045474+00:00,K,12.26,43,"['@', 'F', 'T', 'I']",1,C,CHI
2022-05-04 13:28:04.079685+00:00,K,12.26,43,"['@', 'T', 'I']",2,C,CHI
2022-05-04 13:30:01.488725134+00:00,Q,12.38,8225,"['@', 'O', 'X']",3,C,CHI
2022-05-04 13:30:01.488738941+00:00,Q,12.38,8225,"['@', 'Q']",4,C,CHI
2022-05-04 13:35:06.485000+00:00,D,12.3683,403,['@'],3,C,CHI
2022-05-04 13:35:06.495074403+00:00,D,12.29,1,"['@', 'I']",4,C,CHI
2022-05-04 13:35:06.505000+00:00,D,12.355,1,"['@', 'I']",5,C,CHI
2022-05-04 13:35:06.509000+00:00,D,12.355,1,"['@', 'I']",6,C,CHI
2022-05-04 13:36:04.850318065+00:00,D,12.41,6,"['@', 'I']",7,C,CHI
2022-05-04 13:40:40.054346+00:00,K,12.35,65,"['@', 'I']",3,C,CHI
2022-05-04 13:40:40.054452+00:00,K,12.35,435,['@'],4,C,CHI
2022-05-04 13:40:42.318980650+00:00,D,12.3,2600,['@'],8,C,CHI
2022-05-04 13:40:51.520570+00:00,D,12.35,89,"['@', 'I']",9,C,CHI
2022-05-04 13:40:51.522668+00:00,K,12.35,100,['@'],5,C,CHI
2022-05-04 13:40:51.522668+00:00,K,12.35,40,"['@', 'I']",6,C,CHI
2022-05-04 13:40:51.526984+00:00,D,12.358,45,"['@', 'I']",11,C,CHI
2022-05-04 13:40:51.527547148+00:00,D,12.35,26,"['@', 'I']",10,C,CHI
2022-05-04 13:41:41.467167760+00:00,U,12.35,167,['@'],1,C,CHI
2022-05-04 13:41:41.514103260+00:00,U,12.35,333,"['@', 'F']",2,C,CHI
2022-05-04 13:41:41.514223784+00:00,Q,12.35,10,"['@', 'F', 'I']",5,C,CHI
2022-05-04 13:41:41.514561967+00:00,Q,12.32,3,"['@', 'F', 'I']",6,C,CHI
2022-05-04 13:41:43.954500008+00:00,D,12.37,19,"['@', 'I']",12,C,CHI
2022-05-04 13:41:59.219912261+00:00,D,12.3015,1,"['@', 'I']",13,C,CHI
2022-05-04 13:45:00.990428393+00:00,D,12.335,800,['@'],1,C,CHI
2022-05-04 13:45:00.994219738+00:00,D,12.335,1000,['@'],2,C,CHI
2022-05-04 13:45:04.827000+00:00,D,12.3479,1,"['@', 'I']",14,C,CHI
2022-05-04 13:47:05.010000+00:00,D,12.342,500,['@'],15,C,CHI
2022-05-04 13:48:16.040671825+00:00,Q,12.34,203,"['@', 'F']",7,C,CHI
2022-05-04 13:49:09.477127+00:00,D,12.36,100,['@'],1,C,CHI
2022-05-04 13:49:28.645523878+00:00,D,12.355,200,['@'],3,C,CHI
2022-05-04 13:50:45.665000+00:00,D,12.364,5,"['@', 'I']",16,C,CHI
2022-05-04 13:51:47.047997542+00:00,Q,12.355,100,"['@', 'F']",8,C,CHI
2022-05-04 13:52:10.125000+00:00,D,12.355,100,['@'],18,C,CHI
2022-05-04 13:52:10.130000+00:00,D,12.3565,81,"['@', 'I']",17,C,CHI
2022-05-04 13:54:06.467000+00:00,D,12.355,100,['@'],20,C,CHI
2022-05-04 13:54:06.473000+00:00,D,12.355,200,['@'],21,C,CHI
2022-05-04 13:54:06.482000+00:00,D,12.355,87,"['@', 'I']",19,C,CHI
2022-05-04 13:55:19.965000+00:00,D,12.3609,2022,['@'],22,C,CHI
2022-05-04 13:55:32.841527941+00:00,Q,12.36,183,"['@', 'F']",9,C,CHI
2022-05-04 13:56:59.871692464+00:00,Q,12.34,168,['@'],10,C,CHI
2022-05-04 13:56:59.871736320+00:00,P,12.34,100,['@'],1,C,CHI
2022-05-04 13:56:59.871736320+00:00,P,12.34,100,"['@', 'Q']",2,C,CHI
2022-05-04 13:56:59.871886257+00:00,U,12.34,45,"['@', 'I']",3,C,CHI
2022-05-04 13:56:59.894677342+00:00,U,12.34,55,"['@', 'F', 'I']",4,C,CHI
2022-05-04 13:56:59.894819914+00:00,Q,12.34,145,"['@', 'F']",11,C,CHI
2022-05-04 13:56:59.894850066+00:00,Q,12.34,36,"['@', 'F', 'I']",12,C,CHI
2022-05-04 13:56:59.894896157+00:00,Q,12.34,51,"['@', 'F', 'I']",13,C,CHI
2022-05-04 13:57:09.458822646+00:00,D,12.3591,2000,['@'],23,C,CHI
2022-05-04 14:00:02.670060945+00:00,D,12.345,320,['@'],24,C,CHI
2022-05-04 14:00:40.666000+00:00,D,12.26,1,"['@', 'Z', 'I']",99,C,CHI
2022-05-04 14:04:14.902711376+00:00,Q,12.33,100,"['@', 'F']",14,C,CHI
2022-05-04 14:07:09.659000+00:00,D,12.31,5,"['@', 'I']",25,C,CHI
2022-05-04 14:08:00.079996928+00:00,P,12.3,100,"['@', 'F']",3,C,CHI
2022-05-04 14:08:47.720202369+00:00,U,12.31,100,"['@', 'F']",5,C,CHI
2022-05-04 14:08:47.720202369+00:00,U,12.32,200,"['@', 'F']",6,C,CHI
2022-05-04 14:09:16.974000+00:00,D,12.2936,1,"['@', 'I']",4,C,CHI
2022-05-04 14:10:47.121714681+00:00,D,12.3074,3,"['@', 'I']",26,C,CHI
2022-05-04 14:11:29.858000+00:00,D,12.2984,360,['@'],5,C,CHI
2022-05-04 14:13:06.312000+00:00,D,12.3021,100,['@'],27,C,CHI
2022-05-04 14:14:34.146146+00:00,K,12.31,450,"['@', 'F']",7,C,CHI
2022-05-04 14:14:34.146181+00:00,K,12.31,63,"['@', 'F', 'I']",8,C,CHI
2022-05-04 14:15:03.184206683+00:00,Q,12.29,1,"['@', 'F', 'I']",15,C,CHI
2022-05-04 14:15:03.185000+00:00,D,12.29,9,"['@', 'I']",6,C,CHI
2022-05-04 14:15:37.412873728+00:00,P,12.28,48,"['@', 'F', 'I']",4,C,CHI
2022-05-04 14:15:37.412890112+00:00,P,12.28,48,"['@', 'F', 'I']",5,C,CHI
2022-05-04 14:15:37.412890624+00:00,P,12.28,4,"['@', 'F', 'I']",6,C,CHI
2022-05-04 14:15:37.413088+00:00,K,12.28,44,"['@', 'F', 'I']",9,C,CHI
2022-05-04 14:15:37.413117+00:00,K,12.28,96,"['@', 'F', 'I']",10,C,CHI
2022-05-04 14:15:37.413131+00:00,K,12.28,450,"['@', 'F']",11,C,CHI
2022-05-04 14:15:37.413149+00:00,K,12.28,48,"['@', 'F', 'I']",12,C,CHI
2022-05-04 14:15:37.413164+00:00,K,12.28,162,"['@', 'F']",13,C,CHI
2022-05-04 14:24:50.697157234+00:00,D,12.275,1,"['@', 'I']",28,C,CHI
2022-05-04 14:27:25.962311+00:00,Z,12.29,618,['@'],1,C,CHI
2022-05-04 14:27:25.962335889+00:00,H,12.29,248,['@'],1,C,CHI
2022-05-04 14:27:25.962335889+00:00,H,12.29,77,"['@', 'I']",2,C,CHI
2022-05-04 14:27:25.962423+00:00,Z,12.29,282,"['@', 'F']",2,C,CHI
2022-05-04 14:27:25.962808+00:00,Z,12.29,1,"['@', 'F', 'I']",3,C,CHI
2022-05-04 14:27:25.964286215+00:00,Q,12.29,223,"['@', 'F']",16,C,CHI
2022-05-04 14:28:21.865062683+00:00,Q,12.3,100,"['@', 'F']",17,C,CHI
2022-05-04 14:28:28.017000+00:00,D,12.2871,757,['@'],29,C,CHI
2022-05-04 14:29:36.271629138+00:00,Q,12.29,100,"['@', 'F']",18,C,CHI
2022-05-04 14:33:02.230195+00:00,K,12.29,4,"['@', 'F', 'I']",14,C,CHI
2022-05-04 14:34:20.214261504+00:00,N,12.27,17,"['@', 'I']",1,C,CHI
2022-05-04 14:39:04.401000+00:00,D,12.275,300,['@'],30,C,CHI
2022-05-04 14:39:04.403000+00:00,D,12.275,2700,['@'],31,C,CHI
2022-05-04 14:39:04.409159587+00:00,U,12.27,100,"['@', 'F']",7,C,CHI
2022-05-04 14:40:15.406034+00:00,Z,12.28,900,"['@', 'F']",4,C,CHI
2022-05-04 14:40:15.406063+00:00,Z,12.28,50,"['@', 'F', 'I']",5,C,CHI
2022-05-04 14:40:15.407376+00:00,Z,12.28,900,"['@', 'F']",6,C,CHI
2022-05-04 14:40:15.408639+00:00,Z,12.28,900,"['@', 'F']",7,C,CHI
2022-05-04 14:40:17.321737+00:00,Z,12.28,72,"['@', 'F', 'I']",8,C,CHI
2022-05-04 14:40:18.321361408+00:00,P,12.28,336,"['@', 'F']",7,C,CHI
2022-05-04 14:41:00.016064799+00:00,Q,12.28,100,"['@', 'F']",19,C,CHI
2022-05-04 14:41:03.512019943+00:00,U,12.28,100,"['@', 'F']",8,C,CHI
2022-05-04 14:41:03.512034+00:00,Z,12.28,300,"['@', 'F']",9,C,CHI
2022-05-04 14:41:03.512076437+00:00,Q,12.285,100,"['@', 'F']",20,C,CHI
2022-05-04 14:41:03.512076437+00:00,Q,12.28,231,"['@', 'F']",21,C,CHI
2022-05-04 14:41:35.448320+00:00,K,12.27,400,"['@', 'F']",15,C,CHI
2022-05-04 14:43:42.507000+00:00,D,12.26,750,['@'],32,C,CHI
2022-05-04 14:45:56.953085+00:00,Z,12.27,100,"['@', 'F']",10,C,CHI
2022-05-04 14:46:51.186000+00:00,D,12.2699,200,['@'],33,C,CHI
2022-05-04 14:48:12.780322+00:00,D,12.26,1,"['@', 'I']",34,C,CHI
2022-05-04 14:48:42.678737763+00:00,U,12.26,100,"['@', 'F']",9,C,CHI
2022-05-04 14:48:44.191000+00:00,D,12.255,200,['@'],37,C,CHI
2022-05-04 14:48:44.197000+00:00,D,12.255,1000,['@'],36,C,CHI
2022-05-04 14:48:44.410504155+00:00,U,12.26,392,['@'],10,C,CHI
2022-05-04 14:48:44.412117761+00:00,D,12.26,1708,['@'],35,C,CHI
2022-05-04 14:48:56.435047610+00:00,D,12.2592,5,"['@', 'I']",38,C,CHI
2022-05-04 14:49:35.141550769+00:00,D,12.25,100,['@'],39,C,CHI
2022-05-04 14:49:36.703000+00:00,D,12.26,400,['@'],40,C,CHI
2022-05-04 14:49:39.011766+00:00,K,12.25,1,"['@', 'F', 'I']",16,C,CHI
2022-05-04 14:49:39.011766+00:00,K,12.25,884,"['@', 'F']",17,C,CHI
2022-05-04 14:49:39.012052+00:00,K,12.25,116,['@'],18,C,CHI
2022-05-04 14:49:39.012052+00:00,K,12.25,445,['@'],19,C,CHI
2022-05-04 14:49:39.012052+00:00,K,12.25,500,['@'],20,C,CHI
2022-05-04 14:49:52.361511+00:00,D,12.26,37,"['@', 'I']",41,C,CHI
2022-05-04 14:52:49.511166+00:00,K,12.25,751,['@'],21,C,CHI
2022-05-04 14:52:49.511294+00:00,K,12.25,194,['@'],22,C,CHI
2022-05-04 14:52:49.511321386+00:00,U,12.25,100,['@'],11,C,CHI
2022-05-04 14:52:49.511321386+00:00,U,12.25,100,['@'],12,C,CHI
2022-05-04 14:52:49.511387648+00:00,P,12.25,100,['@'],8,C,CHI
2022-05-04 14:52:49.511387648+00:00,P,12.25,852,['@'],9,C,CHI
2022-05-04 14:52:49.511458560+00:00,P,12.25,21,"['@', 'I']",10,C,CHI
2022-05-04 14:52:49.511648158+00:00,Q,12.25,30,"['@', 'I']",22,C,CHI
2022-05-04 14:52:49.511801012+00:00,Q,12.25,10,"['@', 'F', 'I']",23,C,CHI
2022-05-04 14:52:49.511801012+00:00,Q,12.25,50,"['@', 'F', 'I']",24,C,CHI
2022-05-04 14:52:49.511801012+00:00,Q,12.25,72,"['@', 'F', 'I']",25,C,CHI
2022-05-04 14:52:49.511801012+00:00,Q,12.25,100,"['@', 'F']",26,C,CHI
2022-05-04 14:52:49.511801012+00:00,Q,12.25,30,"['@', 'F', 'I']",27,C,CHI
2022-05-04 14:52:49.511897344+00:00,P,12.25,507,"['@', 'F']",11,C,CHI
2022-05-04 14:52:49.511897344+00:00,P,12.25,2,"['@', 'F', 'I']",12,C,CHI
2022-05-04 14:52:49.511897344+00:00,P,12.25,1479,"['@', 'F']",13,C,CHI
2022-05-04 14:52:49.511910912+00:00,P,12.25,96,"['@', 'F', 'I']",14,C,CHI
2022-05-04 14:52:49.511927552+00:00,P,12.25,96,"['@', 'F', 'I']",15,C,CHI
2022-05-04 14:52:49.511945984+00:00,P,12.25,48,"['@', 'F', 'I']",16,C,CHI
2022-05-04 14:52:49.511946240+00:00,P,12.25,450,"['@', 'F']",17,C,CHI
2022-05-04 14:52:49.511948288+00:00,P,12.25,450,"['@', 'F']",18,C,CHI
2022-05-04 14:52:49.511960320+00:00,P,12.25,48,"['@', 'F', 'I']",19,C,CHI
2022-05-04 14:52:49.511960832+00:00,P,12.25,48,"['@', 'F', 'I']",20,C,CHI
2022-05-04 14:52:49.511969792+00:00,P,12.25,80,"['@', 'I']",21,C,CHI
2022-05-04 14:52:49.511987456+00:00,P,12.25,1205,['@'],22,C,CHI
2022-05-04 14:52:49.511987456+00:00,P,12.25,100,['@'],23,C,CHI
2022-05-04 14:52:49.512178+00:00,Z,12.25,15,"['@', 'F', 'I']",11,C,CHI
2022-05-04 14:52:49.512243071+00:00,Q,12.25,2,"['@', 'F', 'I']",28,C,CHI
2022-05-04 14:52:49.514148822+00:00,D,12.248,10,"['@', 'I']",42,C,CHI
2022-05-04 14:52:49.515437+00:00,Z,12.25,100,['@'],12,C,CHI
2022-05-04 14:52:54.333358138+00:00,Q,12.24,100,"['@', 'F']",29,C,CHI
2022-05-04 14:52:54.333396736+00:00,P,12.24,1,"['@', 'F', 'I']",24,C,CHI
2022-05-04 14:52:58.052000+00:00,D,12.2453,15,"['@', 'I']",7,C,CHI
2022-05-04 14:53:07.345196264+00:00,D,12.25,100,['@'],43,C,CHI
2022-05-04 14:55:33.265211540+00:00,D,12.235,100,['@'],44,C,CHI
2022-05-04 14:55:46.511762047+00:00,D,12.254,82,"['@', 'I']",45,C,CHI
2022-05-04 14:59:02.411674416+00:00,Q,12.22,100,['@'],30,C,CHI
2022-05-04 14:59:02.411915912+00:00,V,12.22,100,['@'],1,C,CHI
2022-05-04 14:59:02.413000+00:00,D,12.21,344,['@'],46,C,CHI
2022-05-04 14:59:02.414000+00:00,D,12.21,700,['@'],47,C,CHI
2022-05-04 14:59:02.415000+00:00,D,12.21,500,['@'],48,C,CHI
2022-05-04 14:59:02.415167129+00:00,D,12.21,100,['@'],8,C,CHI
2022-05-04 14:59:02.416000+00:00,D,12.21,600,['@'],49,C,CHI
2022-05-04 14:59:02.419062486+00:00,V,12.21,100,['@'],2,C,CHI
2022-05-04 14:59:02.419062486+00:00,V,12.21,2,"['@', 'I']",3,C,CHI
2022-05-04 14:59:02.419062486+00:00,V,12.21,298,['@'],4,C,CHI
2022-05-04 14:59:02.419637807+00:00,D,12.21,2930,['@'],50,C,CHI
2022-05-04 14:59:02.925683+00:00,D,12.21,1,"['@', '4', 'I']",51,C,CHI
2022-05-04 15:03:35.860000+00:00,D,12.2355,200,['@'],52,C,CHI
2022-05-04 15:17:54.761000+00:00,D,12.23,113,['@'],54,C,CHI
2022-05-04 15:17:54.761035+00:00,D,12.23,100,['@'],53,C,CHI
2022-05-04 15:19:56.731000+00:00,D,12.2242,13,"['@', 'I']",55,C,CHI
2022-05-04 15:20:40.842276827+00:00,D,12.23,10,"['@', 'I']",56,C,CHI
2022-05-04 15:21:39.089943309+00:00,D,12.2219,36,"['@', 'I']",57,C,CHI
2022-05-04 15:23:57.365517+00:00,D,12.24,4,"['@', 'I']",9,C,CHI
2022-05-04 15:24:25.657104128+00:00,P,12.22,100,"['@', 'F']",25,C,CHI
2022-05-04 15:24:25.657370691+00:00,Q,12.22,8,"['@', 'I']",31,C,CHI
2022-05-04 15:25:50.132847360+00:00,P,12.21,45,"['@', 'F', 'I']",26,C,CHI
2022-05-04 15:28:45.398126025+00:00,Q,12.215,100,"['@', 'F']",32,C,CHI
2022-05-04 15:28:45.398126025+00:00,Q,12.22,45,"['@', 'F', 'I']",33,C,CHI
2022-05-04 15:28:45.398135285+00:00,U,12.22,100,"['@', 'F']",13,C,CHI
2022-05-04 15:28:45.398206550+00:00,H,12.22,100,"['@', 'F']",3,C,CHI
2022-05-04 15:28:45.398224+00:00,K,12.22,53,"['@', 'F', 'I']",23,C,CHI
2022-05-04 15:28:45.398238+00:00,J,12.22,100,"['@', 'F']",1,C,CHI
2022-05-04 15:28:45.398252169+00:00,V,12.22,100,['@'],5,C,CHI
2022-05-04 15:28:45.501438605+00:00,V,12.23,200,['@'],6,C,CHI
2022-05-04 15:28:47.602053429+00:00,V,12.23,200,['@'],7,C,CHI
2022-05-04 15:28:56.961514431+00:00,Q,12.24,100,"['@', 'F']",34,C,CHI
2022-05-04 15:28:56.961514431+00:00,Q,12.24,7,"['@', 'F', 'I']",35,C,CHI
2022-05-04 15:28:56.961514431+00:00,Q,12.24,293,"['@', 'F']",36,C,CHI
2022-05-04 15:28:56.963093+00:00,K,12.24,100,"['@', 'F']",24,C,CHI
2022-05-04 15:28:56.963258+00:00,J,12.24,100,['@'],2,C,CHI
2022-05-04 15:28:56.963370+00:00,K,12.24,76,"['@', 'F', 'I']",25,C,CHI
2022-05-04 15:29:10.426490+00:00,Z,12.25,400,"['@', 'F']",13,C,CHI
2022-05-04 15:29:11.445045191+00:00,U,12.31,426,"['@', 'F']",14,C,CHI
2022-05-04 15:30:27.251520285+00:00,D,12.25,269,['@'],58,C,CHI
2022-05-04 15:32:14.975000+00:00,D,12.2496,5,"['@', 'I']",10,C,CHI
2022-05-04 15:35:28.760000+00:00,D,12.2336,8,"['@', 'I']",59,C,CHI
2022-05-04 15:36:41.178000+00:00,D,12.225,9,"['@', 'I']",60,C,CHI
2022-05-04 15:36:41.181000+00:00,D,12.24,1,"['@', 'I']",61,C,CHI
2022-05-04 15:37:46.784139398+00:00,Q,12.24,100,"['@', 'F']",37,C,CHI
2022-05-04 15:39:06.982004391+00:00,D,12.25,200,['@'],62,C,CHI
2022-05-04 15:39:19.159790+00:00,J,12.25,100,"['@', 'F']",3,C,CHI
2022-05-04 15:41:27.521000+00:00,D,12.24,1,"['@', 'I']",63,C,CHI
2022-05-04 15:45:25.456918272+00:00,P,12.25,240,"['@', 'F']",27,C,CHI
2022-05-04 15:45:25.456934144+00:00,P,12.25,144,"['@', 'F']",28,C,CHI
2022-05-04 15:45:25.456934656+00:00,P,12.25,48,"['@', 'F', 'I']",29,C,CHI
2022-05-04 15:45:25.456955136+00:00,P,12.25,135,"['@', 'F']",30,C,CHI
2022-05-04 15:45:25.456955648+00:00,P,12.25,333,"['@', 'F']",31,C,CHI
2022-05-04 15:45:25.457642169+00:00,U,12.25,50,"['@', 'F', 'I']",15,C,CHI
2022-05-04 15:45:57.094000+00:00,D,12.2609,100,['@'],11,C,CHI
2022-05-04 15:46:08.241513095+00:00,D,12.26,553,['@'],64,C,CHI
2022-05-04 15:47:07.126257664+00:00,P,12.26,70,"['@', 'F', 'I']",32,C,CHI
2022-05-04 15:47:07.126701568+00:00,P,12.26,830,"['@', 'F']",33,C,CHI
2022-05-04 15:47:07.130320488+00:00,Q,12.26,36,"['@', 'F', 'I']",38,C,CHI
2022-05-04 15:47:07.130513043+00:00,Q,12.26,864,"['@', 'F']",39,C,CHI
2022-05-04 15:48:43.292455+00:00,Z,12.26,900,"['@', 'F']",14,C,CHI
2022-05-04 15:49:28.373903104+00:00,P,12.27,100,"['@', 'F']",34,C,CHI
2022-05-04 15:50:46.483000+00:00,D,12.2586,800,['@'],65,C,CHI
2022-05-04 15:51:47.011000+00:00,D,12.26,101,['@'],12,C,CHI
2022-05-04 15:54:58.425208+00:00,Z,12.28,100,"['@', 'F']",15,C,CHI
2022-05-04 15:55:02.830593+00:00,D,12.265,200,['@'],66,C,CHI
2022-05-04 15:55:10.960759458+00:00,D,12.2691,1,"['@', 'I']",13,C,CHI
2022-05-04 15:56:57.469124754+00:00,Q,12.28,100,"['@', 'F']",40,C,CHI
2022-05-04 15:57:11.147047729+00:00,D,12.2761,80,"['@', 'I']",67,C,CHI
2022-05-04 15:58:34.575106999+00:00,D,12.265,1,"['@', 'I']",68,C,CHI
2022-05-04 15:59:44.183429113+00:00,Q,12.29,33,"['@', 'F', 'I']",41,C,CHI
2022-05-04 15:59:44.940691+00:00,Z,12.29,41,"['@', 'F', 'I']",16,C,CHI
2022-05-04 16:00:22.751000+00:00,D,12.27,1,"['@', 'I']",14,C,CHI
2022-05-04 16:00:29.620000+00:00,D,12.2656,470,['@'],69,C,CHI
2022-05-04 16:00:36.742092+00:00,Z,12.28,101,"['@', 'F']",17,C,CHI
2022-05-04 16:09:38.807621493+00:00,D,12.31,2000,['@'],70,C,CHI
2022-05-04 16:10:21.385851830+00:00,V,12.275,200,['@'],8,C,CHI
2022-05-04 16:10:21.386932543+00:00,V,12.275,200,['@'],9,C,CHI
2022-05-04 16:10:41.442000+00:00,D,12.2899,1000,['@'],71,C,CHI
2022-05-04 16:11:27.885000+00:00,D,12.28,23,"['@', 'I']",72,C,CHI
2022-05-04 16:11:27.885245+00:00,Z,12.26,23,"['@', 'F', 'I']",18,C,CHI
2022-05-04 16:11:27.886000+00:00,D,12.27,500,['@'],73,C,CHI
2022-05-04 16:18:15.982764+00:00,D,12.287,200,['@'],74,C,CHI
2022-05-04 16:18:15.982764+00:00,D,12.29,100,['@'],76,C,CHI
2022-05-04 16:18:15.985404+00:00,J,12.29,100,['@'],4,C,CHI
2022-05-04 16:18:15.987763+00:00,D,12.287,200,['@'],75,C,CHI
2022-05-04 16:18:16.000115+00:00,J,12.3,100,['@'],5,C,CHI
2022-05-04 16:18:16.000196886+00:00,Q,12.3,25,"['@', 'I']",42,C,CHI
2022-05-04 16:23:47.827004+00:00,D,12.31,50,"['@', 'I']",77,C,CHI
2022-05-04 16:23:47.827043+00:00,D,12.31,50,"['@', 'I']",78,C,CHI
2022-05-04 16:25:01.638549248+00:00,P,12.31,100,['@'],35,C,CHI
2022-05-04 16:25:01.638632192+00:00,P,12.31,100,['@'],36,C,CHI
2022-05-04 16:25:01.638649344+00:00,P,12.31,100,['@'],37,C,CHI
2022-05-04 16:25:01.638705664+00:00,P,12.31,100,['@'],38,C,CHI
2022-05-04 16:25:01.638730752+00:00,P,12.31,100,['@'],39,C,CHI
2022-05-04 16:25:18.385000+00:00,D,12.3144,800,['@'],79,C,CHI
2022-05-04 16:26:24.857140736+00:00,A,12.31,53,"['@', 'I']",1,C,CHI
2022-05-04 16:26:45.868000+00:00,D,12.32,396,['@'],82,C,CHI
2022-05-04 16:26:45.868719202+00:00,D,12.3199,396,['@'],80,C,CHI
2022-05-04 16:26:45.868885724+00:00,D,12.3,154,['@'],81,C,CHI
2022-05-04 16:26:45.868994163+00:00,D,12.3,20,"['@', 'I']",83,C,CHI
2022-05-04 16:28:01.166000+00:00,D,12.31,40,"['@', 'I']",84,C,CHI
2022-05-04 16:28:20.146065242+00:00,B,12.31,29,"['@', 'F', 'I']",1,C,CHI
2022-05-04 16:30:13.095896+00:00,Z,12.33,100,['@'],19,C,CHI
2022-05-04 16:30:13.095921+00:00,Z,12.33,38,"['@', 'I']",20,C,CHI
2022-05-04 16:32:22.767520+00:00,Z,12.33,100,"['@', 'F']",21,C,CHI
2022-05-04 16:38:30.911423739+00:00,U,12.33,50,"['@', 'F', 'I']",16,C,CHI
2022-05-04 16:38:30.911465+00:00,Z,12.34,50,"['@', 'F', 'I']",22,C,CHI
2022-05-04 16:40:11.087000+00:00,D,12.3314,400,['@'],85,C,CHI
2022-05-04 16:40:29.843000+00:00,D,12.3319,400,['@'],86,C,CHI
2022-05-04 16:40:55.790604+00:00,D,12.34,100,['@'],2,C,CHI
2022-05-04 16:42:16.491425195+00:00,Q,12.34,50,"['@', 'I']",43,C,CHI
2022-05-04 16:42:56.959488871+00:00,D,12.3,3000,['@'],87,C,CHI
2022-05-04 16:47:24.124444213+00:00,D,12.33,500,['@'],88,C,CHI
2022-05-04 16:48:22.830587106+00:00,D,12.3328,410,['@'],89,C,CHI
2022-05-04 16:54:13.022451+00:00,D,12.34,100,['@'],90,C,CHI
2022-05-04 16:55:25.098686+00:00,K,12.32,49,"['@', 'I']",26,C,CHI
2022-05-04 16:55:25.099000+00:00,D,12.32,16,"['@', 'I']",15,C,CHI
2022-05-04 16:59:13.858493+00:00,D,12.34,94,"['@', 'I']",91,C,CHI
2022-05-04 16:59:41.908685+00:00,D,12.34,6,"['@', 'I']",93,C,CHI
2022-05-04 16:59:41.908735+00:00,D,12.34,33,"['@', 'I']",92,C,CHI
2022-05-04 17:00:32.540144640+00:00,P,12.33,50,"['@', 'F', 'I']",40,C,CHI
2022-05-04 17:02:29.670000+00:00,D,12.34,50,"['@', 'I']",94,C,CHI
2022-05-04 17:04:10.203257202+00:00,D,12.3275,100,['@'],16,C,CHI
2022-05-04 17:05:52.857437493+00:00,D,12.31,1,"['@', 'I']",95,C,CHI
2022-05-04 17:07:18.499312068+00:00,D,12.33,1200,['@'],96,C,CHI
2022-05-04 17:09:41.736229608+00:00,D,12.3243,500,['@'],97,C,CHI
2022-05-04 17:11:03.352219612+00:00,Q,12.31,10,"['@', 'I']",44,C,CHI
2022-05-04 17:11:03.352219612+00:00,Q,12.31,10,"['@', 'I']",45,C,CHI
2022-05-04 17:16:52.940000+00:00,D,12.3088,100,['@'],98,C,CHI
2022-05-04 17:17:38.487371+00:00,K,12.3,57,"['@', 'I']",27,C,CHI
2022-05-04 17:17:38.488000+00:00,D,12.3,19,"['@', 'I']",17,C,CHI
2022-05-04 17:21:58.445282757+00:00,D,12.305,200,['@'],100,C,CHI
2022-05-04 17:21:58.452316+00:00,D,12.29,25,"['@', 'I']",101,C,CHI
2022-05-04 17:21:58.454000+00:00,D,12.311,25,"['@', 'I']",102,C,CHI
2022-05-04 17:21:58.454046858+00:00,V,12.29,25,"['@', 'I']",10,C,CHI
2022-05-04 17:32:10.578381312+00:00,P,12.3,20,"['@', 'I']",41,C,CHI
2022-05-04 17:32:10.588989+00:00,K,12.3,20,"['@', 'I']",28,C,CHI
2022-05-04 17:32:10.588989+00:00,K,12.3,80,"['@', 'I']",29,C,CHI
2022-05-04 17:32:10.588989+00:00,K,12.29,100,['@'],30,C,CHI
2022-05-04 17:32:10.589069568+00:00,P,12.29,100,['@'],42,C,CHI
2022-05-04 17:32:10.609124546+00:00,Q,12.29,100,['@'],46,C,CHI
2022-05-04 17:32:10.609124546+00:00,Q,12.28,250,['@'],47,C,CHI
2022-05-04 17:32:10.609124546+00:00,Q,12.28,30,"['@', 'I']",48,C,CHI
2022-05-04 17:32:10.609157569+00:00,Q,12.28,16,"['@', 'I']",49,C,CHI
2022-05-04 17:32:10.609206263+00:00,Q,12.28,54,"['@', 'I']",50,C,CHI
2022-05-04 17:32:10.609206263+00:00,Q,12.28,95,"['@', 'I']",51,C,CHI
2022-05-04 17:32:10.610573277+00:00,Q,12.28,5,"['@', 'I']",52,C,CHI
2022-05-04 17:33:55.578836+00:00,J,12.3,50,"['@', 'F', 'I']",6,C,CHI
2022-05-04 17:33:55.579000+00:00,D,12.2996,50,"['@', 'I']",103,C,CHI
2022-05-04 17:33:55.579000+00:00,D,12.2996,300,['@'],104,C,CHI
2022-05-04 17:34:56.914969919+00:00,V,12.28,200,['@'],11,C,CHI
2022-05-04 17:38:18.833554+00:00,D,12.26,25,"['@', 'I']",106,C,CHI
2022-05-04 17:38:18.833555+00:00,D,12.26,100,['@'],107,C,CHI
2022-05-04 17:38:18.833698+00:00,D,12.26,50,"['@', 'I']",108,C,CHI
2022-05-04 17:38:18.833757279+00:00,D,12.26,25,"['@', 'I']",105,C,CHI
2022-05-04 17:38:18.835000+00:00,D,12.26,58,"['@', 'I']",18,C,CHI
2022-05-04 17:38:18.837000+00:00,D,12.26,100,['@'],19,C,CHI
2022-05-04 17:38:18.838405+00:00,J,12.26,100,"['@', 'F']",7,C,CHI
2022-05-04 17:38:18.838714+00:00,K,12.26,24,"['@', 'F', 'I']",31,C,CHI
2022-05-04 17:38:18.838714+00:00,K,12.26,100,"['@', 'F']",32,C,CHI
2022-05-04 17:38:18.838714+00:00,K,12.25,1,"['@', 'F', 'I']",33,C,CHI
2022-05-04 17:38:18.838938886+00:00,Q,12.26,100,"['@', 'F']",53,C,CHI
2022-05-04 17:38:18.840115+00:00,K,12.25,100,"['@', 'F']",34,C,CHI
2022-05-04 17:38:54.352972+00:00,D,12.31,100,['@'],109,C,CHI
2022-05-04 17:39:54.909000+00:00,D,12.285,4,"['@', 'I']",110,C,CHI
2022-05-04 17:43:04.933466263+00:00,Q,12.27,45,"['@', 'I']",54,C,CHI
2022-05-04 17:43:04.933466263+00:00,Q,12.26,55,"['@', 'I']",55,C,CHI
2022-05-04 17:43:24.302875077+00:00,D,12.31,500,['@'],111,C,CHI
2022-05-04 17:43:24.406055+00:00,J,12.25,100,['@'],8,C,CHI
2022-05-04 17:43:25.003829+00:00,K,12.25,100,['@'],35,C,CHI
2022-05-04 17:43:25.004310828+00:00,Q,12.26,45,"['@', 'I']",56,C,CHI
2022-05-04 17:49:30.351000+00:00,D,12.2502,150,['@'],112,C,CHI
2022-05-04 17:50:50.553000+00:00,D,12.2737,90,"['@', 'I']",113,C,CHI
2022-05-04 17:51:50.263398078+00:00,D,12.28,45,"['@', 'I']",114,C,CHI
2022-05-04 17:51:51.077607168+00:00,P,12.25,100,['@'],43,C,CHI
2022-05-04 17:52:59.055103521+00:00,D,12.28,42,"['@', 'I']",115,C,CHI
2022-05-04 17:52:59.179647+00:00,D,12.28,1,"['@', '4', 'I']",116,C,CHI
2022-05-04 17:53:32.894000+00:00,D,12.28,75,"['@', 'I']",20,C,CHI
2022-05-04 17:53:55.389000+00:00,D,12.28,85,"['@', 'I']",21,C,CHI
2022-05-04 17:54:19.341859016+00:00,Q,12.26,100,['@'],57,C,CHI
2022-05-04 17:54:36.903000+00:00,D,12.25,30,"['@', 'I']",117,C,CHI
2022-05-04 17:57:38.619000+00:00,D,12.3099,82,"['@', 'I']",22,C,CHI
2022-05-04 17:57:49.310116+00:00,D,12.32,50,"['@', 'I']",118,C,CHI
2022-05-04 17:57:49.310171+00:00,D,12.32,50,"['@', 'I']",119,C,CHI
2022-05-04 17:58:22.123292+00:00,K,12.29,57,"['@', 'I']",36,C,CHI
2022-05-04 17:58:40.344000+00:00,D,12.285,100,['@'],120,C,CHI
2022-05-04 17:58:50.703000+00:00,D,12.285,192,['@'],121,C,CHI
2022-05-04 17:58:51.278770+00:00,Z,12.26,100,['@'],23,C,CHI
2022-05-04 17:59:09.928288+00:00,D,12.315,94,"['@', 'I']",122,C,CHI
2022-05-04 18:00:09.372541952+00:00,P,12.26,50,"['@', 'I']",44,C,CHI
2022-05-04 18:00:09.372541952+00:00,P,12.25,50,"['@', 'I']",45,C,CHI
2022-05-04 18:07:11.552000+00:00,D,12.275,183,['@'],123,C,CHI
2022-05-04 18:07:25.176438016+00:00,P,12.25,100,"['@', 'F']",46,C,CHI
2022-05-04 18:07:25.176634392+00:00,Q,12.25,100,"['@', 'F']",58,C,CHI
2022-05-04 18:07:25.176634392+00:00,Q,12.25,250,"['@', 'F']",59,C,CHI
2022-05-04 18:07:25.176739960+00:00,Q,12.25,100,"['@', 'F']",60,C,CHI
2022-05-04 18:07:25.176978+00:00,Z,12.24,38,"['@', 'F', 'I']",24,C,CHI
2022-05-04 18:07:25.177082+00:00,Z,12.24,29,"['@', 'F', 'I']",25,C,CHI
2022-05-04 18:07:25.270859064+00:00,Q,12.23,100,['@'],61,C,CHI
2022-05-04 18:07:25.271085717+00:00,Q,12.23,1,"['@', 'F', 'I']",62,C,CHI
2022-05-04 18:07:25.271085717+00:00,Q,12.23,101,"['@', 'F']",63,C,CHI
2022-05-04 18:07:25.271085717+00:00,Q,12.23,10,"['@', 'F', 'I']",64,C,CHI
2022-05-04 18:07:25.366441+00:00,K,12.22,100,['@'],37,C,CHI
2022-05-04 18:07:50.572020+00:00,K,12.22,100,['@'],38,C,CHI
2022-05-04 18:11:53.296630+00:00,K,12.23,100,['@'],39,C,CHI
2022-05-04 18:11:53.296630+00:00,K,12.23,22,"['@', 'I']",40,C,CHI
2022-05-04 18:11:53.297134506+00:00,D,12.23,28,"['@', 'I']",124,C,CHI
2022-05-04 18:13:26.387000+00:00,D,12.2438,1340,['@'],125,C,CHI
2022-05-04 18:13:27.366746709+00:00,U,12.22,300,['@'],17,C,CHI
2022-05-04 18:13:27.386940013+00:00,Q,12.22,100,['@'],65,C,CHI
2022-05-04 18:13:45.079114263+00:00,Q,12.24,4,"['@', 'F', 'I']",66,C,CHI
2022-05-04 18:13:45.079122165+00:00,Q,12.24,96,"['@', 'F', 'I']",67,C,CHI
2022-05-04 18:14:46.567000+00:00,D,12.2499,1,"['@', 'I']",23,C,CHI
2022-05-04 18:18:24.732000+00:00,D,12.23,200,['@'],24,C,CHI
2022-05-04 18:19:18.468629230+00:00,U,12.23,17,"['@', 'I']",18,C,CHI
2022-05-04 18:19:18.468706559+00:00,U,12.23,83,"['@', 'F', 'I']",19,C,CHI
2022-05-04 18:19:18.468717+00:00,Z,12.23,100,"['@', 'F']",26,C,CHI
2022-05-04 18:21:03.056936+00:00,Z,12.22,100,['@'],27,C,CHI
2022-05-04 18:21:03.057084+00:00,K,12.22,1,"['@', 'I']",41,C,CHI
2022-05-04 18:24:29.991987+00:00,D,12.22,25,"['@', 'I']",126,C,CHI
2022-05-04 18:24:29.992133+00:00,D,12.22,25,"['@', 'I']",128,C,CHI
2022-05-04 18:24:29.992259560+00:00,D,12.22,25,"['@', 'I']",127,C,CHI
2022-05-04 18:24:29.994730+00:00,K,12.235,100,"['@', 'F']",42,C,CHI
2022-05-04 18:24:29.994730+00:00,K,12.22,100,"['@', 'F']",43,C,CHI
2022-05-04 18:24:29.994730+00:00,K,12.21,100,"['@', 'F']",44,C,CHI
2022-05-04 18:24:29.994730+00:00,K,12.21,2,"['@', 'F', 'I']",45,C,CHI
2022-05-04 18:24:29.994730+00:00,K,12.2,400,"['@', 'F']",46,C,CHI
2022-05-04 18:24:29.994730+00:00,K,12.2,1500,"['@', 'F']",47,C,CHI
2022-05-04 18:24:29.994730+00:00,K,12.2,325,"['@', 'F']",48,C,CHI
2022-05-04 18:24:29.994959529+00:00,Q,12.22,100,"['@', 'F']",68,C,CHI
2022-05-04 18:24:29.994988800+00:00,P,12.22,100,"['@', 'F']",47,C,CHI
2022-05-04 18:24:29.995065856+00:00,P,12.21,100,"['@', 'F']",48,C,CHI
2022-05-04 18:24:29.995065856+00:00,P,12.2,79,"['@', 'F', 'I']",49,C,CHI
2022-05-04 18:24:29.995065856+00:00,P,12.2,119,"['@', 'F']",50,C,CHI
2022-05-04 18:24:29.995067691+00:00,Q,12.2,100,"['@', 'F']",69,C,CHI
2022-05-04 18:24:30+00:00,D,12.2,100,['@'],25,C,CHI
2022-05-04 18:24:45.708000+00:00,D,12.2176,40,"['@', 'I']",129,C,CHI
2022-05-04 18:27:33.999963537+00:00,Q,12.24,8,"['@', 'F', 'I']",70,C,CHI
2022-05-04 18:27:34.000434581+00:00,Q,12.24,92,"['@', 'I']",71,C,CHI
2022-05-04 18:27:34.000686592+00:00,M,12.24,100,"['@', 'F']",1,C,CHI
2022-05-04 18:27:59.406207744+00:00,P,12.22,100,['@'],51,C,CHI
2022-05-04 18:27:59.406207744+00:00,P,12.21,400,['@'],52,C,CHI
2022-05-04 18:27:59.406207744+00:00,P,12.21,100,['@'],53,C,CHI
2022-05-04 18:27:59.406338224+00:00,Q,12.245,400,['@'],72,C,CHI
2022-05-04 18:27:59.406338224+00:00,Q,12.22,100,['@'],73,C,CHI
2022-05-04 18:27:59.406338224+00:00,Q,12.21,481,['@'],74,C,CHI
2022-05-04 18:27:59.428078761+00:00,Q,12.21,100,['@'],75,C,CHI
2022-05-04 18:27:59.428078761+00:00,Q,12.2,50,"['@', 'I']",76,C,CHI
2022-05-04 18:27:59.428078761+00:00,Q,12.2,300,['@'],77,C,CHI
2022-05-04 18:27:59.428078761+00:00,Q,12.2,400,['@'],78,C,CHI
2022-05-04 18:27:59.428078761+00:00,Q,12.2,900,['@'],79,C,CHI
2022-05-04 18:27:59.428078761+00:00,Q,12.2,100,['@'],80,C,CHI
2022-05-04 18:27:59.428345+00:00,K,12.21,100,['@'],49,C,CHI
2022-05-04 18:27:59.428345+00:00,K,12.21,100,['@'],50,C,CHI
2022-05-04 18:27:59.428345+00:00,K,12.2,100,['@'],51,C,CHI
2022-05-04 18:27:59.428435715+00:00,U,12.2,346,['@'],20,C,CHI
2022-05-04 18:27:59.452643173+00:00,Q,12.2,100,['@'],81,C,CHI
2022-05-04 18:27:59.452643173+00:00,Q,12.19,200,['@'],82,C,CHI
2022-05-04 18:27:59.452643173+00:00,Q,12.19,900,['@'],83,C,CHI
2022-05-04 18:27:59.452643173+00:00,Q,12.19,400,['@'],84,C,CHI
2022-05-04 18:27:59.452643173+00:00,Q,12.19,1800,['@'],85,C,CHI
2022-05-04 18:27:59.452899718+00:00,D,12.2,15,"['@', 'I']",130,C,CHI
2022-05-04 18:27:59.472202266+00:00,Q,12.19,900,['@'],86,C,CHI
2022-05-04 18:27:59.472202266+00:00,Q,12.18,723,['@'],87,C,CHI
2022-05-04 18:27:59.474474228+00:00,U,12.22,26,"['@', 'I']",21,C,CHI
2022-05-04 18:27:59.489654084+00:00,Q,12.19,26,"['@', 'I']",88,C,CHI
2022-05-04 18:27:59.489654084+00:00,Q,12.19,100,['@'],89,C,CHI
2022-05-04 18:27:59.489654084+00:00,Q,12.18,774,['@'],90,C,CHI
2022-05-04 18:27:59.489720124+00:00,Q,12.22,26,"['@', 'I']",91,C,CHI
2022-05-04 18:27:59.528476933+00:00,V,12.21,100,['@'],12,C,CHI
2022-05-04 18:27:59.529541119+00:00,Q,12.2,10,"['@', 'F', 'I']",92,C,CHI
2022-05-04 18:27:59.529541119+00:00,Q,12.2,26,"['@', 'F', 'I']",93,C,CHI
2022-05-04 18:27:59.530000737+00:00,D,12.21,1064,['@'],131,C,CHI
2022-05-04 18:30:48.726760192+00:00,P,12.19,100,"['@', 'F']",54,C,CHI
2022-05-04 18:30:48.726942739+00:00,Q,12.19,92,"['@', 'F', 'I']",94,C,CHI
2022-05-04 18:30:48.726953985+00:00,Q,12.19,8,"['@', 'F', 'I']",95,C,CHI
2022-05-04 18:30:48.727228+00:00,Z,12.19,900,"['@', 'F']",28,C,CHI
2022-05-04 18:31:22.972124160+00:00,P,12.18,900,"['@', 'F']",55,C,CHI
2022-05-04 18:31:25.117182678+00:00,Q,12.17,100,['@'],96,C,CHI
2022-05-04 18:31:25.117261064+00:00,Q,12.17,100,['@'],97,C,CHI
2022-05-04 18:31:25.117313038+00:00,Q,12.17,100,['@'],98,C,CHI
2022-05-04 18:31:25.117327125+00:00,Q,12.17,100,['@'],99,C,CHI
2022-05-04 18:31:25.117485312+00:00,P,12.17,14,"['@', 'I']",56,C,CHI
2022-05-04 18:31:25.117911636+00:00,Q,12.17,500,['@'],100,C,CHI
2022-05-04 18:32:24.072540+00:00,Z,12.17,48,"['@', 'F', 'I']",29,C,CHI
2022-05-04 18:32:24.072563+00:00,Z,12.17,48,"['@', 'F', 'I']",30,C,CHI
2022-05-04 18:32:24.072574+00:00,Z,12.17,48,"['@', 'F', 'I']",31,C,CHI
2022-05-04 18:32:24.072584+00:00,Z,12.17,756,"['@', 'F']",32,C,CHI
2022-05-04 18:32:24.381295879+00:00,Q,12.17,100,['@'],101,C,CHI
2022-05-04 18:32:24.381460481+00:00,Q,12.17,800,"['@', 'F']",102,C,CHI
2022-05-04 18:33:14.803000+00:00,D,12.1719,30,"['@', 'I']",132,C,CHI
2022-05-04 18:34:00.398481+00:00,K,12.16,450,"['@', 'F']",52,C,CHI
2022-05-04 18:34:00.398509+00:00,K,12.16,50,"['@', 'F', 'I']",53,C,CHI
2022-05-04 18:34:00.398554368+00:00,P,12.16,400,"['@', 'F']",57,C,CHI
2022-05-04 18:34:00.398564352+00:00,P,12.16,96,"['@', 'F', 'I']",58,C,CHI
2022-05-04 18:34:00.398572800+00:00,P,12.16,54,"['@', 'F', 'I']",59,C,CHI
2022-05-04 18:34:00.398592+00:00,P,12.16,350,"['@', 'F']",60,C,CHI
2022-05-04 18:34:02.489463343+00:00,Q,12.16,252,"['@', 'F']",103,C,CHI
2022-05-04 18:34:02.489467688+00:00,Q,12.16,36,"['@', 'F', 'I']",104,C,CHI
2022-05-04 18:34:02.489481788+00:00,Q,12.16,36,"['@', 'F', 'I']",105,C,CHI
2022-05-04 18:34:02.489482370+00:00,Q,12.16,36,"['@', 'F', 'I']",106,C,CHI
2022-05-04 18:34:02.489669691+00:00,Q,12.16,450,"['@', 'F']",107,C,CHI
2022-05-04 18:34:02.489677096+00:00,Q,12.16,90,"['@', 'F', 'I']",108,C,CHI
2022-05-04 18:34:02.489677096+00:00,Q,12.16,108,"['@', 'F']",109,C,CHI
2022-05-04 18:34:59.528136918+00:00,Q,12.15,1,"['@', 'I']",110,C,CHI
2022-05-04 18:34:59.528136918+00:00,Q,12.15,10,"['@', 'I']",111,C,CHI
2022-05-04 18:34:59.528136918+00:00,Q,12.15,89,"['@', 'I']",112,C,CHI
2022-05-04 18:34:59.528293+00:00,Z,12.15,100,"['@', 'F']",33,C,CHI
2022-05-04 18:34:59.528315+00:00,K,12.15,3,"['@', 'F', 'I']",54,C,CHI
2022-05-04 18:34:59.528366405+00:00,Q,12.15,11,"['@', 'F', 'I']",113,C,CHI
2022-05-04 18:34:59.528406528+00:00,P,12.15,2,"['@', 'F', 'I']",61,C,CHI
2022-05-04 18:34:59.528406528+00:00,P,12.15,50,"['@', 'F', 'I']",62,C,CHI
2022-05-04 18:34:59.528406528+00:00,P,12.15,100,"['@', 'F']",63,C,CHI
2022-05-04 18:35:04.054352983+00:00,Q,12.14,450,"['@', 'F']",114,C,CHI
2022-05-04 18:35:04.054428674+00:00,Q,12.14,450,"['@', 'F']",115,C,CHI
2022-05-04 18:35:04.060919891+00:00,U,12.13,27,"['@', 'I']",25,C,CHI
2022-05-04 18:36:13.044631697+00:00,V,12.14,400,['@'],13,C,CHI
2022-05-04 18:36:13.046190+00:00,D,12.13,100,['@'],133,C,CHI
2022-05-04 18:37:37.490465199+00:00,D,12.1675,10,"['@', 'I']",26,C,CHI
2022-05-04 18:39:22.590764+00:00,K,12.18,1200,['@'],55,C,CHI
2022-05-04 18:39:22.590845904+00:00,Q,12.18,500,['@'],116,C,CHI
2022-05-04 18:39:22.590845904+00:00,Q,12.18,200,['@'],117,C,CHI
2022-05-04 18:39:22.592646733+00:00,Q,12.18,200,['@'],118,C,CHI
2022-05-04 18:39:42.322666706+00:00,D,12.1755,400,['@'],134,C,CHI
2022-05-04 18:39:43.749000+00:00,D,12.155,800,['@'],27,C,CHI
2022-05-04 18:39:59.483032706+00:00,D,12.155,40,"['@', 'I']",135,C,CHI
2022-05-04 18:39:59.487000+00:00,D,12.13,1,"['@', 'I']",136,C,CHI
2022-05-04 18:40:41.542000+00:00,D,12.1301,9,"['@', 'I']",137,C,CHI
2022-05-04 18:40:50.814238155+00:00,D,12.157,500,['@'],138,C,CHI
2022-05-04 18:41:35.954702649+00:00,Q,12.18,100,['@'],119,C,CHI
2022-05-04 18:41:35.955129834+00:00,Q,12.18,200,"['@', 'F']",120,C,CHI
2022-05-04 18:41:35.955218152+00:00,Q,12.18,144,"['@', 'F']",121,C,CHI
2022-05-04 18:41:35.955224212+00:00,Q,12.18,36,"['@', 'F', 'I']",122,C,CHI
2022-05-04 18:41:35.955407729+00:00,Q,12.18,320,"['@', 'F']",123,C,CHI
2022-05-04 18:41:35.955407729+00:00,Q,12.18,180,"['@', 'F']",124,C,CHI
2022-05-04 18:41:35.955449176+00:00,Q,12.18,3,"['@', 'F', 'I']",125,C,CHI
2022-05-04 18:41:35.955511912+00:00,Q,12.18,72,"['@', 'F', 'I']",126,C,CHI
2022-05-04 18:41:35.955594569+00:00,Q,12.18,144,"['@', 'F']",127,C,CHI
2022-05-04 18:41:35.955597927+00:00,Q,12.18,48,"['@', 'F', 'I']",128,C,CHI
2022-05-04 18:41:35.955604005+00:00,Q,12.18,96,"['@', 'F', 'I']",129,C,CHI
2022-05-04 18:41:35.955605597+00:00,Q,12.18,36,"['@', 'F', 'I']",130,C,CHI
2022-05-04 18:41:35.955619438+00:00,Q,12.18,96,"['@', 'F', 'I']",131,C,CHI
2022-05-04 18:41:35.955638427+00:00,Q,12.18,8,"['@', 'F', 'I']",132,C,CHI
2022-05-04 18:41:35.955682512+00:00,Q,12.18,3,"['@', 'F', 'I']",133,C,CHI
2022-05-04 18:41:35.955683067+00:00,Q,12.18,497,"['@', 'F']",134,C,CHI
2022-05-04 18:41:35.955683067+00:00,Q,12.18,3,"['@', 'F', 'I']",135,C,CHI
2022-05-04 18:41:35.955737114+00:00,Q,12.18,3,"['@', 'F', 'I']",136,C,CHI
2022-05-04 18:41:35.955788174+00:00,Q,12.18,3,"['@', 'F', 'I']",137,C,CHI
2022-05-04 18:41:35.955828129+00:00,Q,12.18,3,"['@', 'F', 'I']",138,C,CHI
2022-05-04 18:41:35.955866106+00:00,Q,12.18,3,"['@', 'F', 'I']",139,C,CHI
2022-05-04 18:41:35.955873496+00:00,Q,12.18,179,"['@', 'F']",140,C,CHI
2022-05-04 18:41:35.955886962+00:00,Q,12.18,4,"['@', 'F', 'I']",141,C,CHI
2022-05-04 18:41:35.955893647+00:00,Q,12.18,500,"['@', 'F']",142,C,CHI
2022-05-04 18:41:35.956014509+00:00,Q,12.18,3,"['@', 'F', 'I']",143,C,CHI
2022-05-04 18:41:35.956081760+00:00,Q,12.18,3,"['@', 'F', 'I']",144,C,CHI
2022-05-04 18:41:35.956121307+00:00,Q,12.18,3,"['@', 'F', 'I']",145,C,CHI
2022-05-04 18:41:35.956527090+00:00,Q,12.18,3,"['@', 'F', 'I']",146,C,CHI
2022-05-04 18:41:35.956565264+00:00,Q,12.18,3,"['@', 'F', 'I']",147,C,CHI
2022-05-04 18:41:35.956601764+00:00,Q,12.18,3,"['@', 'F', 'I']",148,C,CHI
2022-05-04 18:41:35.956640+00:00,Q,12.18,3,"['@', 'F', 'I']",149,C,CHI
2022-05-04 18:41:35.956677618+00:00,Q,12.18,3,"['@', 'F', 'I']",150,C,CHI
2022-05-04 18:41:35.956719488+00:00,Q,12.18,3,"['@', 'F', 'I']",151,C,CHI
2022-05-04 18:41:35.956760187+00:00,Q,12.18,3,"['@', 'F', 'I']",152,C,CHI
2022-05-04 18:41:35.956798995+00:00,Q,12.18,3,"['@', 'F', 'I']",153,C,CHI
2022-05-04 18:41:35.956844037+00:00,Q,12.18,3,"['@', 'F', 'I']",154,C,CHI
2022-05-04 18:41:35.957051523+00:00,Q,12.18,497,"['@', 'F']",155,C,CHI
2022-05-04 18:43:30.876494764+00:00,Q,12.18,500,"['@', 'F']",156,C,CHI
2022-05-04 18:43:30.876767410+00:00,Q,12.18,500,"['@', 'F']",157,C,CHI
2022-05-04 18:43:30.876854264+00:00,Q,12.18,42,"['@', 'F', 'I']",158,C,CHI
2022-05-04 18:43:30.876876366+00:00,Q,12.18,458,['@'],159,C,CHI
2022-05-04 18:43:30.877026249+00:00,Q,12.18,500,"['@', 'F']",160,C,CHI
2022-05-04 18:43:30.877103291+00:00,Q,12.18,288,['@'],161,C,CHI
2022-05-04 18:43:30.877139247+00:00,Q,12.18,500,"['@', 'F']",162,C,CHI
2022-05-04 18:43:30.877215564+00:00,Q,12.18,100,['@'],163,C,CHI
2022-05-04 18:43:30.882409+00:00,D,12.18,100,['@'],139,C,CHI
2022-05-04 18:43:30.885444212+00:00,Q,12.18,100,"['@', 'F']",164,C,CHI
2022-05-04 18:43:30.885776826+00:00,V,12.18,100,['@'],14,C,CHI
2022-05-04 18:43:30.887157404+00:00,V,12.18,100,['@'],15,C,CHI
2022-05-04 18:43:30.891006431+00:00,Q,12.18,5,"['@', 'I']",165,C,CHI
2022-05-04 18:43:49.612128605+00:00,Q,12.18,105,['@'],166,C,CHI
2022-05-04 18:43:49.612185340+00:00,Q,12.18,390,['@'],167,C,CHI
2022-05-04 18:43:49.612262921+00:00,Q,12.18,26,"['@', 'I']",168,C,CHI
2022-05-04 18:43:49.612455567+00:00,Q,12.18,474,"['@', 'F']",169,C,CHI
2022-05-04 18:43:49.612455567+00:00,Q,12.18,26,"['@', 'F', 'I']",170,C,CHI
2022-05-04 18:43:49.612540159+00:00,Q,12.18,105,['@'],171,C,CHI
2022-05-04 18:43:49.612719485+00:00,Q,12.18,395,"['@', 'F']",172,C,CHI
2022-05-04 18:43:49.612719485+00:00,Q,12.18,105,"['@', 'F']",173,C,CHI
2022-05-04 18:43:49.617672+00:00,D,12.18,100,['@'],140,C,CHI
2022-05-04 18:43:49.617673+00:00,D,12.18,100,['@'],141,C,CHI
2022-05-04 18:43:49.620040633+00:00,Q,12.18,100,['@'],174,C,CHI
2022-05-04 18:43:49.620305962+00:00,Q,12.18,500,"['@', 'F']",175,C,CHI
2022-05-04 18:43:49.620405328+00:00,Q,12.18,100,['@'],176,C,CHI
2022-05-04 18:43:49.627616135+00:00,Q,12.18,400,"['@', 'F']",177,C,CHI
2022-05-04 18:43:49.627694489+00:00,V,12.18,100,['@'],16,C,CHI
2022-05-04 18:43:49.627694489+00:00,V,12.18,400,['@'],17,C,CHI
2022-05-04 18:45:10.332611728+00:00,Q,12.18,500,"['@', 'F']",178,C,CHI
2022-05-04 18:45:11.408752056+00:00,Q,12.18,500,"['@', 'F']",179,C,CHI
2022-05-04 18:45:11.408819438+00:00,Q,12.18,400,['@'],180,C,CHI
2022-05-04 18:45:11.408877479+00:00,Q,12.18,100,['@'],181,C,CHI
2022-05-04 18:45:11.409228309+00:00,Q,12.18,299,['@'],182,C,CHI
2022-05-04 18:45:11.409265059+00:00,Q,12.18,22,"['@', 'I']",183,C,CHI
2022-05-04 18:45:12.000274134+00:00,Q,12.18,100,['@'],184,C,CHI
2022-05-04 18:45:12.219047627+00:00,Q,12.18,79,"['@', 'F', 'I']",185,C,CHI
2022-05-04 18:45:12.219047627+00:00,Q,12.18,421,"['@', 'F']",186,C,CHI
2022-05-04 18:45:12.226417178+00:00,Q,12.18,79,"['@', 'I']",187,C,CHI
2022-05-04 18:45:12.226417178+00:00,Q,12.18,21,"['@', 'I']",188,C,CHI
2022-05-04 18:45:13.422046747+00:00,Q,12.18,479,"['@', 'F']",189,C,CHI
2022-05-04 18:45:13.422046747+00:00,Q,12.18,21,"['@', 'F', 'I']",190,C,CHI
2022-05-04 18:45:13.422438393+00:00,Q,12.18,246,['@'],191,C,CHI
2022-05-04 18:45:14.102000+00:00,D,12.23,500,['@'],142,C,CHI
2022-05-04 18:45:14.108000+00:00,D,12.18,100,['@'],143,C,CHI
2022-05-04 18:46:58.207374495+00:00,U,12.23,74,"['@', 'I']",26,C,CHI
